2988 4160
244 260 284 326 54
493 255 818 306 CORRESPONDENCE
840 256 886 305 OF
908 255 1041 306 CICERO.

241 451 315 494 esse
332 431 508 494 neminem.
556 431 698 493 Accedit
721 430 820 493 etiam
844 431 933 512 quod
960 431 1119 494 familiam
1145 431 1236 495 dacit
1259 431 1293 495 in

241 544 311 607 iure
340 545 426 606 civili
453 544 612 624 singulari
642 543 810 618 memoria,
840 550 969 606 summa
996 543 1142 607 scientia.
1203 546 1293 609 Huic

242 677 305 737 ego
322 677 430 738 neque
446 657 651 718 tribunatum
667 676 776 738 neque
797 657 1044 737 praefecturam
1064 677 1173 740 neque
1195 658 1293 720 ullius

242 769 383 832 benefici
413 778 540 831 certum
571 777 694 830 nomen
725 776 813 850 peto,
846 768 1112 831 benevolentiam
1144 779 1235 832 tuam
1260 780 1294 832 et

190 897 218 943 35
242 881 473 944 liberalitatem
500 889 587 962 peto,
617 901 725 963 neque
757 881 902 962 impedia
932 889 998 963 qua
1029 882 1147 957 minus,
1177 891 1205 944 si
1233 881 1294 944 tibi

243 995 288 1057 ita
304 994 474 1075 placuerit,
492 993 592 1056 etiam
609 994 699 1056 hisce
716 1014 792 1056 eum
809 1001 906 1056 arnas
922 994 1079 1075 gloriolae
1094 994 1291 1075 insignibus.

242 1108 366 1169 Totum
390 1105 532 1188 denique
556 1107 725 1169 hominem
748 1105 808 1169 tibi
830 1106 875 1168 ita
898 1106 1002 1181 trado,
1027 1107 1086 1169 ‘da
1110 1107 1231 1182 manu,’
1257 1116 1294 1169 ut
1368 1171 1372 1174 .

157 1243 160 1248 ·
243 1219 345 1295 aiunt,
367 1219 418 1280 ‘in
440 1220 593 1281 manum'
614 1228 705 1281 tuam
728 1218 825 1281 istam
847 1227 880 1280 et
900 1218 1038 1281 victoria
1061 1228 1094 1281 et
1116 1219 1180 1281 fide
1201 1239 1294 1301 prae-

243 1341 397 1395 stantem.
454 1331 565 1395 Simus
589 1331 677 1394 enim
701 1330 923 1412 putidiusculi,
949 1351 1151 1414 quamquam
1178 1351 1238 1412 per
1260 1339 1294 1394 te

190 1464 220 1508 40
242 1445 297 1508 vix
319 1445 413 1520 licet;
445 1451 569 1519 verum,
594 1454 630 1506 ut
652 1443 759 1520 videa,
783 1443 902 1506 licebit.
951 1444 1040 1508 Cara
1067 1453 1103 1508 ut
1125 1445 1237 1508 valeas
1260 1453 1294 1508 et

243 1565 305 1634 me,
323 1567 359 1620 ut
375 1564 476 1632 amas,
494 1563 577 1618 ama.

224 1883 226 1888 Ι
295 1801 410 1864 ΧΧΙΙ.
458 1799 635 1865 CICERO
667 1797 860 1882 QUOTES
893 1799 1028 1864 FROM
1062 1799 1245 1865 ENNIUS

658 1911 765 1998 (Fam.
785 1929 813 1995 7.
830 1915 875 2000 6).

574 2093 681 2144 Cicerd
699 2091 730 2142 S.
747 2091 783 2141 D.
804 2091 958 2175 Trebatid.

288 2254 329 2316 In
350 2253 504 2316 omnibus
526 2263 608 2315 meis
629 2251 780 2334 epistulis
802 2258 884 2333 quas
908 2252 950 2312 ad
973 2251 1151 2315 Caesarem
1173 2260 1230 2314 aut
1251 2252 1293 2315 ad

245 2366 387 2438 Balbum
404 2366 499 2428 mitto
513 2365 661 2446 legitima
677 2364 840 2446 quaedam
859 2373 910 2426 est
926 2365 1074 2427 accessio
1086 2365 1295 2428 commenda-

243 2478 343 2541 tionis
364 2488 451 2554 tuae,
474 2498 535 2540 nec
557 2498 597 2540 ea
617 2477 772 2558 vulgaris
797 2477 856 2540 sed
877 2497 953 2540 cum
975 2477 1086 2559 aliquo
1104 2487 1229 2558 insigni
1248 2477 1294 2540 in-

244 2591 330 2654 dicio
357 2611 451 2654 meae
478 2597 558 2670 erga
584 2597 616 2652 te
642 2589 904 2653 benevolentiae.
951 2589 1127 2652 Tumodo
1150 2589 1294 2671 ineptias

205 2703 324 2766 sistas
351 2713 384 2766 et
411 2703 573 2766 desideria
599 2702 688 2765 urbis
716 2711 748 2764 et
775 2701 972 2764 urbanitatis
998 2701 1129 2782 depane
1156 2711 1198 2776 et,
1228 2709 1295 2784 quo

243 2816 381 2879 consilio
411 2817 582 2897 profectus
609 2835 654 2891 es,
683 2815 717 2876 id
747 2814 946 2876 adsiduitate
974 2823 1007 2877 et
1033 2814 1155 2876 virtute
1182 2821 1294 2876 canse-

193 2927 196 2932 '
243 2949 353 3010 quere.
403 2930 478 2990 Hae
500 2927 559 2990 tibi
580 2937 648 2990 tam
666 2934 879 3009 ignoscamus
898 2935 959 2990 nos
975 2937 1072 2990 amici
1087 2947 1188 3008 quam
1203 2935 1293 3008 igno·

243 3049 361 3103 verunt
379 3041 527 3116 Medeae,

243 3224 282 3273 3¹·
299 3208 445 3266 familiam,
458 3212 606 3276 profession.
644 3224 683 3274 32.
701 3224 754 3261 me·
781 3209 833 3269 nis,
852 3211 1019 3274 appositional
1037 3226 1094 3274 gen.
1136 3223 1158 3272 3.
1176 3209 1249 3268 tuae,
1265 3229 1289 3252 =

242 3293 334 3351 moria,
343 3292 464 3349 scientia,
473 3294 558 3341 abiot
564 3310 644 3342 cause.
668 3307 707 3356 33.
715 3295 754 3344 ul·
781 3295 828 3342 tui.
858 3308 882 3354 4.
895 3292 1015 3358 ineptias
1028 3331 1034 3343 .
1049 3331 1053 3342 .
1067 3331 1073 3342 .
1086 3292 1228 3351 desideria,
1237 3293 1294 3355 silly

241 3375 520 3438 lius...n0men‚any
525 3377 674 3439 particular
674 3379 756 3441 favor
781 3378 889 3440 longing.
925 3391 947 3440 5.
965 3375 1138 3434 urbanitatis,
1155 3376 1193 3422 the
1210 3375 1301 3440 liseof

242 3459 271 3521 by
279 3475 359 3506 nome.
379 3458 638 3522 35.impedio,odjecl.
658 3473 696 3520 39.
706 3473 755 3522 pu·
781 3461 818 3507 the
835 3461 890 3522 city.
933 3459 956 3508 6.
973 3457 1148 3515 adsiduitate,
1165 3467 1293 3521 persever·

241 3539 389 3598 tidiuscuii,
402 3559 417 3588 a
430 3543 492 3588 little
504 3542 668 3590 troublesome.
780 3559 849 3590 ance.
886 3553 906 3604 7.
919 3542 980 3598 Hoc,
991 3543 1030 3590 i.e.
1041 3557 1102 3602 your
1111 3541 1219 3588 absence
1229 3541 1293 3588 from

286 3625 373 3672 XXII.
403 3638 424 3670 2.
446 3622 579 3687 legitima,
598 3624 755 3687 regulan-
782 3626 869 3672 Rome.
904 3623 926 3671 8.
944 3624 1069 3674 Medeae:
1089 3625 1132 3670 the
1151 3623 1294 3686 quotations

241 3707 366 3765 accessio,
378 3707 753 3758 additium-commendatio·
780 3707 834 3755 that
847 3706 930 3754 follow
942 3721 984 3754 are
996 3705 1060 3753 from
1075 3706 1118 3754 the
1132 3705 1223 3754 Medea
1238 3706 1294 3754 Ex·
