2988 4162
487 257 649 314 WANTED,
664 258 687 304 A
711 256 936 305 PANEGYRIST.
1199 260 1240 324 39

186 474 300 537 xvir.
347 473 381 535 A
408 471 654 536 wurcoun
685 471 748 536 To
777 471 986 556 Arricus
1012 468 1097 555 (Art.
1115 489 1145 550 4.
1162 469 1236 556 4a).

553 641 659 692 cluere
677 641 787 691 Attice
811 641 872 691 Sal.

105 867 109 879 ι
231 794 459 858 Peridcundus
490 793 571 855 mihi
603 792 738 856 Cincius
769 793 832 856 fuit
863 802 940 856 ante
971 789 1066 856 diem'
1085 811 1131 855 111.
1163 793 1236 856 Kal.

126 947 129 954 »
187 907 283 970 Febr.
309 916 386 968 ante
410 906 527 969 h'rcem.
577 905 668 968 Dixit
695 905 784 968 enim
811 905 892 967 mihi
918 911 952 968 te
979 925 1053 968 esse
1080 904 1113 967 in
1142 891 1238 968 Italie

186 1026 324 1100 seseque
342 1019 383 1080 ad
399 1025 433 1080 te
449 1026 570 1100 pueres
591 1017 731 1094 mittere,
750 1026 832 1099 ques
855 1018 925 1080 sine
951 1027 1033 1080 mets
1054 1017 1171 1080 litteris
1191 1027 1238 1079 ire

186 1131 284 1206 nelut,
302 1139 367 1193 nen
386 1138 452 1213 que
468 1131 625 1193 haberem
643 1131 731 1212 quod
752 1130 819 1207 tibi,
838 1130 1033 1212 praesertIm
1050 1129 1115 1192 iam
1133 1150 1237 1211 prope

186 1253 362 1324 praesenti,
390 1244 578 1319 scriberem,
612 1243 670 1305 sed
702 1253 738 1306 ut
769 1244 832 1306 hec
862 1243 972 1325 ipsum
1004 1243 1236 1324 significerem
1261 1273 1274 1318 5

186 1356 267 1418 mihi
281 1365 375 1418 tuum
394 1356 574 1418 adventum
595 1355 828 1418 suevissimum
849 1355 1237 1438 exspectatissimumque

185 1488 267 1530 esse.
316 1469 391 1550 Qui
413 1475 448 1530 re
467 1469 586 1530 advolat
607 1469 649 1530 ad
673 1476 734 1530 nes
756 1475 796 1530 ee
817 1468 928 1530 anime
948 1477 985 1530 ut
1004 1476 1065 1531 nes
1086 1476 1187 1544 ames
1205 1476 1238 1531 te

186 1587 289 1642 ameri
305 1581 398 1642 scies.
441 1579 568 1642 'Cetera
584 1588 695 1642 ceram
710 1587 856 1661 agemus.
906 1581 1002 1642 Haec
1018 1588 1237 1662 properantes

186 1691 386 1772 scripsimus
434 1693 512 1774 Que
532 1692 585 1754 die
605 1691 729 1767 venies,
753 1691 867 1774 utique
888 1692 943 1755 fac
964 1712 1039 1756 cum
1061 1701 1126 1755 tuis
1148 1693 1238 1774 apud

186 1823 239 1865 me
255 1825 308 1866 srs.
1264 1833 1290 1864 10

306 2030 438 2094 XVIII.
486 2031 710 2107 WANTED,
742 2032 776 2094 A
809 2030 1114 2095 PANEGYRIST

593 2150 698 2236 (Fam.
720 2166 746 2231 5.
770 2151 829 2236 12).

413 2323 457 2372 Μ.
478 2321 586 2372 cicere
605 2321 635 2371 S.
656 2322 691 2370 D.
708 2323 741 2371 1..
762 2322 900 2372 Lucceio
919 2321 953 2382 Q.
974 2323 1006 2370 Ρ.

230 2473 349 2536 Ceram
366 2481 419 2535 me
438 2481 548 2536 tecum
570 2473 686 2536 eadem
709 2474 791 2537 haec
814 2494 914 2554 agere
936 2493 1038 2555 saepe
1059 2481 1237 2537 cenantem

185 2585 342 2647 deterruit
366 2586 474 2666 pudor
497 2586 631 2668 quidam
658 2607 765 2667 paene
793 2586 1008 2662 subrusticus
1034 2606 1119 2668 quae
1147 2607 1236 2649 nunc

184 2704 375 2776 expremam
396 2697 517 2760 absens
536 2697 701 2760 audecius.
752 2698 905 2778 Epistula
926 2697 1014 2760 enim
1036 2706 1103 2759 nen
1125 2698 1237 2761 erube-

184 2807 254 2870 scit.
295 2792 410 2870 Ilrdee
423 2810 605 2890 cupiditate
622 2810 806 2872 incredibili
822 2830 939 2892 neque,
954 2819 991 2872 ut
1006 2830 1070 2891 ego
1087 2811 1234 2886 arbitror,

183 3043 216 3094 et
240 3033 424 3096 celebretur
447 3043 521 3096 tuis.
582 3034 682 3115 Quod
708 3045 771 3096 etsi
797 3034 877 3096 mihi
905 3054 1005 3116 saepe
1032 3035 1181 3097 ostendis
1204 3043 1236 3096 te

226 3204 310 3252 XVII.
338 3205 445 3252 Written
462 3206 487 3254 in
505 3206 601 3270 5613.c.
631 3205 696 3254 Atti·
766 3206 865 3254 XVIII.
893 3205 1000 3253 Written
1015 3206 1040 3253 in
1055 3205 1127 3269 June,
1141 3204 1171 3269 56
1183 3217 1232 3253 uc.

182 3302 226 3334 cus
254 3303 304 3334 was
333 3303 366 3335 on
398 3288 436 3336 his
465 3305 518 3351 way
546 3298 572 3337 to
604 3290 693 3338 Rome.
723 3288 810 3336 Cicero
828 3289 931 3337 himself
947 3288 1055 3350 thought
1073 3288 1237 3350 thisa‘very

185 3381 204 3414 1.
229 3367 344 3427 Cincius,
368 3371 476 3434 perhaps
500 3372 542 3419 the
569 3381 645 3432 agent
671 3371 699 3418 os
723 3372 836 3433 elegant’
856 3372 942 3434 (valde
958 3370 1034 3434 bella)
1053 3371 1131 3426 letter,
1150 3371 1200 3418 and
1217 3371 1237 3418 it

182 3451 280 3498 Atticus
293 3459 317 3499 at
331 3453 419 3500 Rome.
450 3466 472 3514 3.
485 3453 560 3510 meis,
567 3456 639 3519 from
651 3470 695 3501 me.
723 3469 772 3501 was
785 3454 908 3515 evidently
918 3455 1017 3502 written
1031 3454 1087 3502 with
1096 3453 1143 3506 ,the
1156 3459 1236 3514 great·

182 3532 204 3579 6.
217 3533 494 3594 exspectatissimum,
507 3543 569 3583 rnost
578 3537 695 3584 welcome.
723 3543 759 3583 est
772 3551 836 3592 care,
850 3551 876 3583 as
888 3536 981 3584 indeed
993 3552 1021 3584 so
1034 3537 1139 3584 delicate
1153 3551 1167 3582 a
1179 3535 1236 3583 sub·
1328 3591 1335 3598 ἱ

182 3614 204 3663 8.
217 3617 399 3677 properantes,
412 3617 526 3665 intorte.
555 3631 579 3679 9.
591 3616 694 3680 utique,
720 3617 771 3679 ject
794 3619 943 3666 demanded.
993 3632 1014 3666 2.
1047 3617 1233 3668 subrusticus:

181 3697 287 3744 without
289 3699 354 3764 soil.
723 3700 806 3748 notice
824 3701 867 3751 the
885 3699 953 3750 soree
971 3701 997 3750 ot
1015 3701 1066 3750 sub.
1105 3713 1126 3765 3.
1146 3701 1236 3754 erube·
