2988 4160
248 262 287 328 72
496 258 820 308 CORRESPONDENCE
842 259 887 310 OF
909 259 1043 310 CICERO.

193 452 223 498 ³0
248 433 391 497 Licitum
413 432 548 508 esttibi,
568 432 675 508 creda,
698 441 758 515 pra
779 441 836 495 tua
856 434 1018 514 dignitate
1039 455 1080 497 ex
1099 437 1160 499 hac
1184 436 1296 500 iuven-

246 553 316 609 tute
340 565 500 626 generum
525 544 670 626 diligere,
696 544 788 607 cuius
814 546 891 608 fidei
917 546 1037 609 liberas
1063 556 1138 610 tuas
1163 556 1196 610 te
1222 556 1297 612 trita

247 658 451 722 committere
469 658 625 740 putaras?
667 657 724 720 An
744 667 779 719 ut
800 677 839 719 ea
861 657 981 720 liberas
1002 679 1042 720 ex
1063 667 1136 722 sese
1152 671 1294 742 pareret,

247 778 329 853 quas
349 791 423 833 cum
446 771 592 832 flarentis
611 769 738 832 videret
757 770 943 845 laetaretur,
962 781 1019 852 qui
1034 791 1104 833 rem
1121 779 1140 833 a
1157 782 1295 854 parente

246 883 401 945 traditam
418 903 478 964 per
500 891 535 945 se
555 890 668 945 tenere
690 891 836 963 possent,
855 882 997 944 honares
1019 883 1195 946 ardinatim
1216 885 1297 966 peti-

194 1014 222 1059 35
246 1003 312 1058 tari
327 1005 449 1071 essent,
467 995 500 1058 in
516 1004 551 1058 re
567 995 708 1077 publica,
726 995 759 1056 in
781 1003 961 1058 amicarum
984 996 1125 1076 negatiis
1144 996 1296 1059 libertate

247 1115 306 1171 sua
334 1109 445 1171 usuri?
502 1109 592 1190 Quid
619 1109 738 1170 harum
765 1108 829 1171 fuit
855 1109 944 1190 quod
974 1116 1041 1171 nan
1073 1109 1165 1190 prius
1195 1129 1296 1190 quam

246 1220 361 1283 datum
382 1231 433 1284 est
454 1221 646 1302 ademptum
670 1219 732 1283 sit?
780 1221 846 1283 ‘At
861 1227 940 1283 vero
961 1221 1084 1284 malum
1107 1230 1157 1283 est
1176 1221 1296 1284 liberas

246 1332 419 1396 amittere’
467 1334 612 1410 Malum;
636 1332 701 1396 nisi
721 1334 784 1396 hac
809 1333 902 1416 peius
924 1333 975 1408 sit,
998 1334 1080 1396 haec
1102 1333 1243 1396 sufferre
1262 1342 1298 1396 et

247 1455 386 1527 perpeti.
435 1446 530 1528 Quae
549 1453 602 1510 res
623 1445 705 1508 mihi
724 1455 791 1509 non
814 1446 1014 1510 mediocrem
1035 1445 1296 1510 consolatianem

194 1577 223 1619 40
247 1557 365 1633 attulit,
389 1558 465 1621 vola
487 1557 547 1620 tibi
569 1567 837 1635 commemorare,
860 1569 888 1622 si
911 1559 997 1622 forte
1020 1559 1138 1621 eadem
1161 1565 1214 1620 res
1237 1557 1298 1621 tibi

247 1669 394 1733 dolorem
427 1670 575 1734 minuere
613 1671 726 1754 possit.
790 1671 841 1733 Ex
871 1671 955 1734 Asia
986 1670 1117 1734 rediens
1148 1690 1223 1733 cum
1254 1670 1297 1732 ab

246 1781 381 1863 Aegina
402 1785 576 1865 Megaram
597 1803 713 1846 versus
734 1783 936 1864 navigarem,
954 1793 1050 1864 coepi
1069 1783 1222 1864 regiones
1239 1782 1298 1846 cir-

246 1895 411 1959 cumcirca
438 1895 637 1978 prospicere.
699 1895 778 1958 Post
800 1903 853 1957 me
876 1905 948 1958 erat
970 1896 1114 1976 Aegina,
1139 1905 1216 1958 ante
1243 1903 1297 1957 me

249 2011 398 2090 Megara,
416 2009 531 2072 dextra
548 2009 691 2084 PiraeuS,
710 2007 843 2071 sinistra
860 2007 1049 2084 Corinthus
1067 2027 1152 2090 quae
1172 2007 1297 2090 oppida

194 2140 222 2185 45
247 2122 390 2204 quadam
417 2131 566 2203 tempore
590 2120 823 2184 fiarentissima
845 2121 991 2197 fuerunt,
1015 2140 1103 2183 nunc
1131 2127 1297 2202 prastrata

247 2244 280 2296 et
297 2234 406 2296 diruta
424 2243 501 2295 ante
522 2233 635 2296 oculas
655 2233 772 2296 iacent.
821 2233 925 2315 Coepi
946 2242 1080 2314 egomet
1098 2239 1227 2296 mecum
1249 2242 1296 2295 sic

247 2346 411 2427 cagitare:
444 2346 571 2408 ‘Hem!
605 2354 666 2408 nas
697 2346 890 2408 homunculi
918 2345 1139 2427 indignamur,
1168 2355 1197 2408 si
1222 2344 1296 2428 quis

247 2466 398 2521 nostrum
425 2457 548 2520 interiit
575 2468 632 2521 aut
659 2468 787 2521 occisus
815 2468 874 2534 est,
901 2467 1040 2541 quarum
1068 2467 1135 2520 vita
1165 2457 1296 2520 brevior

247 2591 321 2634 esse
348 2570 455 2646 debet,
480 2591 555 2633 cum
580 2579 646 2633 ana
673 2570 746 2634 loca
771 2581 821 2634 tot
848 2571 1008 2653 oppidam
1036 2571 1199 2633 cadavera
1223 2577 1297 2651 pra

194 2699 224 2744 50
246 2682 331 2746 iecta
358 2683 489 2746 iacent?
534 2685 638 2747 Visne
669 2691 704 2746 tu
732 2691 774 2760 ta,
804 2685 908 2759 Servi,
937 2683 1091 2746 cohibere
1121 2693 1155 2746 et
1185 2681 1297 2744 memi-

247 2795 335 2857 nisse
353 2795 520 2859 hominem
536 2805 569 2859 te
585 2816 658 2859 esse
675 2797 824 2859 natumi’
869 2795 976 2860 Crede
992 2795 1081 2870 mihi,
1096 2794 1296 2876 cagitatiane

247 2914 286 2970 ea
302 2915 368 2969 nan
385 2908 593 2972 mediocriter
609 2928 682 2970 sum
702 2909 928 2972 confirmatus.
977 2907 1052 2971 Hac
1074 2907 1170 2982 idem,
1189 2917 1216 2969 si
1236 2905 1297 2969 tibi

245 3020 384 3097 videtur,
401 3022 456 3084 iac
472 3031 549 3083 ante
568 3021 680 3084 oculas
700 3021 761 3084 tibi
779 3029 955 3105 prapanas.
1005 3021 1108 3085 Modo
1131 3027 1198 3082 una
1215 3029 1296 3082 tem-

246 3215 295 3274 ret,
312 3236 336 3259 =
352 3222 439 3281 ageret,
457 3215 557 3280 degeret.
600 3229 641 3280 32.
660 3216 758 3268 liberos
784 3217 902 3266 translate
916 3216 945 3264 in
957 3217 995 3264 the
1006 3215 1128 3263 direction
1140 3214 1172 3280 os
1179 3215 1295 3277 Megara.

247 3335 253 3347 .
266 3335 272 3347 .
286 3335 291 3347 .
303 3299 416 3363 pareret,
426 3300 504 3364 might
513 3299 605 3348 become
616 3301 654 3348 the
666 3301 759 3348 mother
783 3297 997 3356 -circumcirca,
1005 3298 1093 3345 round
1096 3297 1185 3352 about,·
1199 3316 1222 3339 =
1232 3312 1296 3360 quac

246 3381 345 3447 essoris.
381 3395 419 3443 34.
437 3381 592 3440 ordinatim,
605 3383 647 3431 ie.
660 3382 757 3431 oneof-
784 3383 951 3430 circumcirca
977 3388 1058 3428 crant.
1108 3391 1148 3444 45.
1179 3378 1297 3443 quodam

247 3464 292 3511 fiee
304 3463 367 3512 aiter
379 3465 421 3512 the
436 3465 515 3522 other,
530 3481 558 3513 as
575 3466 634 3527 they
650 3465 757 3514 reached
784 3466 912 3528 tempore,
925 3480 982 3512 once
995 3469 1061 3526 upon
1073 3480 1089 3510 α
1101 3464 1168 3510 time.
1199 3475 1239 3522 49.
1254 3473 1296 3510 ca·

246 3547 289 3594 the
301 3562 347 3608 age
360 3547 389 3594 oi
398 3547 537 3609 eligibility;
557 3548 599 3595 the
611 3547 758 3595 Ciceronian
784 3548 891 3604 devera,
904 3547 987 3594 ruins.
1023 3558 1061 3610 50.
1075 3544 1166 3603 Visne,
1179 3545 1236 3592 will
1244 3558 1297 3606 you

246 3631 314 3678 word
328 3630 348 3676 is
365 3630 461 3678 ordine.
496 3629 535 3691 38.
551 3629 624 3686 haec,
639 3630 708 3678 what
722 3647 759 3678 wc
785 3640 833 3679 not.
869 3641 907 3694 51.
925 3627 1008 3679 Crede
1020 3627 1103 3676 mihi:
1123 3627 1211 3675 formal
1224 3641 1297 3691 prose

245 3713 494 3780 arcnowsuffering.
522 3725 562 3774 42.
574 3724 676 3772 verane,
685 3714 754 3774 adv.;
785 3713 830 3762 has
855 3714 920 3764 mihi
945 3712 1022 3760 crede.
1077 3723 1116 3778 53.
1140 3709 1229 3770 Modo,
1255 3709 1301 3760 buc
