2988 4160
497 263 657 322 WANTED,
680 263 705 312 A
728 262 955 315 PANEGYRIST.
1212 273 1252 334 41

202 438 288 502 belia
315 444 561 520 separaverunt,
585 443 621 498 tir
646 457 779 518 quoque
802 437 881 500 item
904 439 1034 503 civilem
1061 441 1256 505 conioratio
1280 462 1307 510 25

202 571 280 614 nem
301 549 343 612 ab
359 548 533 612 hostilibus
556 558 768 630 externisque
792 549 886 612 bellis
908 551 1108 632 seiungeres.
1158 553 1255 636 Equi-

202 663 279 726 dem
303 663 345 724 ad
369 671 517 724 nostram
542 660 674 723 laudem
702 669 769 722 non
797 661 937 724 multum
960 662 1059 726 video
1083 663 1252 741 interesse,

202 775 261 837 sed
285 774 327 836 ad
351 772 619 854 properationem
643 792 752 835 meam
776 773 934 856 quiddam
959 774 1106 852 interest,
1131 785 1198 839 non
1221 785 1255 840 te

203 893 395 966 exspectare
412 885 491 947 dum
508 885 549 946 ad
566 885 675 948 locum
691 885 815 961 venitm,
829 906 867 948 ac
885 885 996 948 statim
1013 907 1147 950 causam
1164 888 1254 951 illam

203 1005 306 1060 totam
323 1007 356 1061 et
371 1007 504 1079 tempus
521 997 683 1078 adripere,
701 1007 735 1060 et
754 997 859 1073 simul,
878 1007 907 1060 si
922 1005 989 1060 uno
1007 999 1041 1061 in
1057 1007 1255 1080 argomento
1278 1025 1307 1070 30

203 1117 335 1192 onaque
354 1110 388 1172 in
409 1116 553 1192 persona
575 1117 669 1172 mens
691 1119 748 1172 tua
769 1118 839 1172 tota
859 1111 1053 1187 versabitur,
1071 1120 1171 1175 cerno
1188 1113 1253 1176 iam

203 1224 314 1287 animo
341 1231 467 1305 quanto
494 1222 605 1286 omnia
633 1222 786 1285 uberiora
816 1232 916 1305 atque
947 1223 1114 1287 ornatiora
1140 1225 1254 1289 futura

202 1336 277 1398 sint.
333 1337 452 1418 Neque
475 1345 588 1398 tamen
610 1343 728 1416 ignoro
755 1355 855 1417 quam
883 1335 1093 1417 impudenter
1120 1337 1252 1415 faciam,

201 1453 260 1531 qut
278 1458 420 1530 primum
441 1447 501 1510 tibi
520 1456 649 1510 tantum
672 1447 782 1511 oneris
803 1447 1146 1532 imponam—potest
1164 1449 1253 1513 enim

202 1561 283 1623 mihi
306 1561 472 1642 denegare
496 1559 670 1641 occupatio
692 1569 750 1622 tua
761 1597 812 1635 -,
832 1559 952 1623 deinde
975 1561 1075 1623 etiam
1097 1571 1133 1624 ut
1155 1569 1253 1626 ornes
1277 1581 1305 1629 35

202 1681 255 1735 me
279 1673 453 1754 postulem.
501 1671 591 1754 Quid
612 1681 640 1734 si
661 1671 716 1735 illa
737 1671 797 1734 tibi
819 1679 886 1734 non
905 1681 998 1735 tanto
1021 1694 1122 1755 opere
1141 1673 1253 1737 viden-

201 1795 255 1848 tur
277 1785 449 1848 ornanda?
495 1783 563 1850 Sed
585 1793 699 1847 tamen
723 1795 780 1867 qut
803 1785 907 1848 semel
929 1785 1149 1850 verecundiae
1173 1787 1252 1850 finis

201 1897 376 1972 transierit,
401 1917 478 1960 eum
504 1896 590 1960 bene
613 1905 647 1959 et
670 1897 799 1960 naviter
822 1906 954 1979 oportet
981 1917 1055 1962 esse
1081 1898 1252 1980 impuden-

201 2019 278 2072 tem.
341 2010 460 2092 Itaque
483 2016 517 2073 te
540 2009 639 2091 plane
666 2008 766 2072 etiam
793 2019 893 2093 atque
920 2009 1020 2073 etiam
1047 2019 1130 2092 rogo
1155 2021 1191 2075 ut
1218 2021 1252 2076 et

200 2129 299 2184 ornes
319 2141 360 2184 ea
375 2121 606 2184 vehementius
626 2120 727 2184 etiam
749 2141 848 2204 quam
869 2121 1012 2185 fortasse
1034 2133 1146 2199 sentis,
1163 2133 1197 2187 et
1217 2123 1251 2186 in
1273 2145 1304 2190 40

201 2241 241 2296 eo
268 2234 360 2315 leges
387 2233 544 2297 historiae
570 2233 741 2315 neglegas,
768 2233 976 2317 gratiamque
1000 2234 1090 2298 illam
1117 2235 1158 2298 de
1185 2243 1251 2319 qua

201 2345 394 2409 suavissime
427 2346 571 2429 quodam
602 2346 636 2408 in
667 2346 838 2428 prooemio
871 2346 1040 2429 scripsisti,
1072 2354 1092 2409 a
1122 2354 1187 2430 qua
1217 2356 1251 2411 te

200 2459 288 2523 flecti
309 2469 376 2524 non
400 2460 507 2543 magis
532 2460 680 2542 potuisse
705 2461 913 2524 demonstres
940 2481 1040 2543 quam
1068 2461 1250 2524 Herculem

200 2571 474 2656 Xenophontium
497 2573 588 2636 illum
607 2573 833 2654 {Voluptate
854 2593 938 2650 eam,
957 2583 985 2636 si
1005 2581 1058 2636 me
1076 2573 1136 2636 tibi
1152 2575 1250 2637 vehe-

199 2685 343 2748 mentius
370 2685 625 2762 commendabit,
654 2693 697 2748 ne
724 2692 912 2767 aspernere,
939 2694 1108 2768 amorique
1135 2695 1250 2750 nostro
1272 2701 1300 2750 45

199 2798 388 2880 plosculum
403 2798 504 2861 etiam
521 2819 620 2880 quam
637 2798 798 2861 concedet
813 2797 936 2860 veritas
952 2797 1100 2879 largiare.
1149 2798 1248 2881 Quod

199 2919 227 2971 si
238 2916 271 2971 te
283 2909 487 2973 adducemus
503 2920 539 2972 ut
555 2911 618 2973 hoc
635 2909 806 2992 suscipias
821 2910 891 2986 erit,
905 2919 941 2972 ut
958 2909 1038 2972 mihi
1053 2911 1246 2992 persuadeo,

199 3069 237 3120 25·
256 3055 475 3114 coniurationem,
487 3055 541 3103 that
554 3054 581 3102 os
592 3055 706 3103 Catiline.
737 3058 862 3121 candidly.
891 3071 931 3120 40.
944 3056 1039 3116 sentis,
1047 3074 1099 3121 you
1111 3057 1184 3106 think
1195 3058 1249 3121 they

199 3141 238 3190 28.
256 3142 482 3208 properationem,
495 3143 525 3192 cs.
535 3144 705 3210 festinationi.
735 3141 840 3189 deserat.
870 3154 911 3203 42.
923 3139 1247 3208 prooemio,presace.—a

198 3237 237 3285 29.
256 3225 351 3284 locum,
363 3226 402 3274 ie.
417 3226 460 3274 the
476 3226 547 3290 place
563 3226 589 3274 in
604 3226 643 3274 his
660 3226 708 3273 his·
735 3237 796 3289 qua,
806 3225 903 3273 instead
913 3225 942 3272 oi
951 3241 1009 3288 qua,
1019 3231 1044 3272 to
1057 3223 1208 3286 correspond
1221 3229 1247 3270 to

198 3313 252 3369 tory
269 3308 351 3356 where
371 3309 413 3357 the
432 3316 539 3357 account
557 3308 585 3356 of
600 3308 709 3357 Cicero’s
735 3325 751 3355 a
768 3308 895 3370 Voluptate
903 3324 914 3362 ,·
932 3307 1040 3371 perhaps
1053 3308 1141 3370 gratia
1158 3305 1210 3354 also
1226 3305 1247 3352 is

198 3390 342 3454 consulship
354 3392 436 3440 would
449 3392 569 3454 naturally
580 3393 612 3440 be
624 3393 706 3454 given.
734 3390 893 3454 personified.
947 3404 986 3450 44.
1015 3386 1244 3451 Xenophontium,

198 3483 237 3533 30.
249 3475 415 3537 argumento,
428 3475 511 3522 theme.
547 3487 585 3539 35.
600 3485 709 3537 occupa·
734 3489 763 3520 as
779 3472 916 3535 Xenophon
934 3472 985 3519 tells
1004 3487 1051 3527 us,·
1074 3471 1117 3518 the
1136 3469 1202 3517 sable
1221 3469 1250 3516 of

197 3553 244 3612 tio,
257 3565 431 3620 engagements.
469 3571 508 3621 37.
524 3555 708 3614 verecundiae,
736 3554 867 3603 Hercules’
880 3554 967 3602 choice
985 3554 1100 3601 between
1115 3552 1184 3613 Duty
1196 3552 1245 3598 and

197 3637 228 3684 cf.
249 3640 339 3700 pudor.
388 3639 427 3702 38.
453 3641 520 3689 bene
542 3640 570 3689 et
590 3637 706 3697 naviter,
736 3638 850 3685 Pieasure
871 3637 891 3684 is
911 3636 963 3683 told
984 3636 1009 3682 in
1030 3635 1072 3682 the
1091 3633 1245 3681 Memorabi-

197 3721 404 3796 thoroughlyand
407 3723 551 3795 completely.
571 3735 608 3784 39.
619 3720 708 3793 plane,
734 3721 896 3780 lia—eam,
909 3732 1018 3765 resumes
1031 3717 1145 3785 gratiam
1164 3715 1245 3764 illam.
