2988 4160
268 247 308 325 38
518 242 843 307 connssrononucn
865 258 910 307 on
933 258 1067 308 crosno.

269 431 374 494 Nonis
403 431 588 496 Sextilibus,
638 430 689 493 lbi
716 431 797 493 mihi
823 431 966 494 Tulliola
992 451 1067 495 mea
1093 432 1157 494 fuit
1184 441 1319 515 praesto

266 544 370 606 natali
385 551 445 606 suo
461 543 533 624 ipso
550 543 611 620 die,
630 553 686 626 qui
702 551 780 606 casu
798 544 884 606 idem
904 543 1024 606 natalis
1043 554 1114 606 erat
1129 554 1163 607 et
1181 545 1319 608 Brundi-

229 673 242 718 5
268 665 359 718 sinae
375 655 524 719 coloniae
541 666 574 718 et
589 666 667 718 tuae
688 666 816 719 vicinae
840 655 973 731 Salutis
992 677 1077 738 quae
1099 665 1151 718 res
1173 657 1319 720 animad-

266 788 363 831 versa
379 775 399 830 a
417 767 627 831 multitudine
649 775 779 831 summa
803 768 1075 831 Brundisinorum
1097 770 1318 850 gratulatione

267 880 433 944 celebrata
449 890 507 943 est.
555 881 647 944 Ante
664 880 751 942 diem
767 899 811 942 vr.
832 866 912 943 idus
930 881 1062 944 Sextilis
1078 889 1221 962 cognovi
1236 883 1318 945 litte-

267 1002 311 1054 ris
324 993 441 1075 Quinti
453 992 590 1055 mirifico
600 992 709 1054 studio
721 992 867 1054 omnium
882 999 1029 1054 aetatum
1042 1003 1142 1075 atque
1155 994 1316 1070 ordinum,

267 1105 450 1168 incredibili
462 1111 623 1168 concursu
639 1088 756 1166 italiae
768 1104 877 1185 legem
888 1104 1029 1167 comitiis
1041 1105 1232 1169 centuriatis
1245 1127 1318 1170 esse

216 1245 244 1277 10
268 1219 438 1301 perlatam.
487 1218 571 1281 Inde
586 1225 606 1280 a
624 1216 831 1308 Brundisinis
849 1217 1089 1280 honestissimis
1106 1225 1242 1281 orndtus
1258 1219 1320 1282 iter

267 1330 314 1393 ita
333 1331 399 1394 feci
417 1340 454 1394 ut
475 1331 622 1413 undique
644 1330 687 1392 ad
709 1337 762 1391 me':
783 1351 858 1392 curn
881 1330 1101 1411 gratulatione
1123 1332 1225 1412 legati
1245 1352 1320 1394 con-

267 1443 427 1506 venerint.
485 1443 542 1506 Ad
569 1443 684 1505 urbem
713 1442 759 1504 ita
782 1450 859 1504 veni
885 1453 921 1504 ut
947 1451 1045 1505 nemo
1073 1444 1170 1505 ullius
1195 1445 1319 1507 ordinis

268 1557 368 1619 homo
392 1557 630 1618 nomenclatori
654 1563 752 1618 notus
778 1555 879 1617 fuerit
903 1565 959 1636 qui
985 1555 1065 1617 mihi
1092 1556 1224 1618 obviam
1251 1566 1318 1619 non

268 1669 403 1745 venerit,
421 1677 554 1750 praeter
574 1676 631 1730 eos
653 1667 803 1730 inimicos
826 1666 945 1749 quibus
967 1667 999 1729 id
1023 1668 1141 1749 ipsum,
1162 1677 1198 1730 se
1217 1669 1320 1731 inimi-

217 1803 243 1849 Ῑ5
267 1789 324 1845 cos
344 1801 427 1856 esse,
449 1789 515 1843 non
536 1781 649 1844 liceret
670 1790 727 1842 aut
747 1779 955 1841 dissimulare
976 1790 1032 1842 aut
1052 1787 1186 1861 negare.
1234 1782 1319 1846 Cum

267 1894 431 1957 venissem
460 1893 502 1956 ad
533 1903 661 1974 portam
690 1893 871 1974 Capenam,
899 1891 1022 1972 gradus
1048 1894 1249 1974 templorum
1277 1895 1319 1956 ab

267 2007 381 2068 infimo
401 2005 498 2087 plebe
520 2006 677 2086 completi
694 2014 799 2080 erant,
817 2011 837 2066 a
853 2011 918 2086 qua
939 2004 1057 2084 plausu
1081 2005 1319 2071 maniniocum

267 2128 357 2181 esset
377 2117 458 2180 mihi
478 2117 656 2198 gratulatio
677 2117 870 2198 significata,
889 2115 1003 2178 similis
1025 2125 1059 2178 et
1077 2117 1266 2198 frequentia
1286 2130 1320 2181 et

267 2231 404 2312 plausus
425 2237 478 2292 me
498 2237 602 2312 usque
622 2229 664 2291 ad
688 2228 887 2310 Capitolium
912 2227 1101 2304 celebravit,
1124 2229 1157 2290 in
1180 2231 1320 2312 foroque
1395 2223 1398 2226 ¹

215 2364 244 2395 20
267 2352 301 2405 et
326 2343 360 2404 in
384 2343 458 2424 ipso
479 2341 643 2423 Capitolio
664 2341 814 2402 miranda
838 2340 1013 2402 multitudo
1037 2341 1107 2403 fuit.
1158 2342 1320 2404 Postridie

267 2455 301 2517 in
332 2461 460 2530 senatu,
486 2464 543 2537 qui
568 2453 633 2516 fuit
659 2452 730 2515 dies
752 2442 930 2514 ¹Nonarum
960 2453 1158 2535 septembr„
1188 2461 1320 2517 senatui

267 2567 390 2650 gratias
411 2567 548 2647 egimus.

261 2714 342 2778 poseat
377 2727 399 2776 3.
411 2711 466 2768 fuit
477 2713 593 2776 praesto,
606 2719 661 2760 met.
692 2727 716 2772 4.
731 2724 777 2760 na·
805 2711 860 2759 able
873 2719 898 2759 to
910 2713 953 2760 the
965 2712 1041 2760 recall
1053 2712 1082 2760 of
1092 2713 1188 2761 Cicero.
1225 2726 1262 2762 11.
1279 2714 1319 2764 le-

265 2795 340 2854 talis,
364 2797 405 2844 ie.
432 2796 473 2844 the
499 2796 657 2856 anniversary
681 2794 710 2841 of
735 2795 778 2842 the
805 2793 1042 2857 gathdeputations.
1069 2808 1106 2856 13.
1116 2795 1318 2854 nomenclatori,

266 2879 390 2942 founding
409 2878 438 2926 os
455 2878 497 2926 the
519 2877 610 2939 colony
628 2885 653 2925 at
673 2877 779 2925 Brundi·
805 2893 820 2925 a
837 2878 904 2926 slave
919 2880 1004 2927 whose
1024 2888 1080 2943 part
1100 2881 1119 2928 it
1135 2897 1185 2928 was
1201 2888 1227 2928 to
1242 2881 1319 2928 know

196 3017 198 3021 ,
266 2963 330 3010 sium
347 2962 397 3009 and
416 2960 444 3008 os
463 2960 506 3008 the
526 2960 669 3009 dedication
689 2959 718 3006 of
735 2960 777 3006 the
804 2960 836 3022 hy
850 2977 924 3008 name
940 2961 972 3008 all
990 2962 1129 3010 influentia]
1146 2979 1205 3011 men
1222 2965 1272 3012 and
1289 2971 1317 3012 to

266 3041 359 3108 temple
381 3043 410 3091 os
435 3043 507 3092 Salus
531 3058 563 3090 on
588 3042 631 3090 the
654 3041 773 3103 Quirinal.
804 3051 904 3106 prompt
921 3045 960 3091 his
978 3053 1069 3093 master
1084 3047 1157 3094 when
1174 3061 1313 3108 necessary.

266 3138 288 3191 5.
303 3125 423 3176 vicinae:
443 3127 541 3174 Atticus
553 3125 604 3173 had
622 3140 637 3172 a
654 3125 731 3171 house
743 3140 776 3171 on
806 3124 842 3172 16.
856 3127 965 3188 portam
977 3126 1126 3190 capenam:
1147 3129 1254 3191 through
1267 3130 1318 3178 this

266 3209 308 3257 the
337 3208 459 3271 Quirinal.
477 3235 510 3243 -
527 3205 642 3264 salutis,
668 3207 778 3268 goddess
804 3215 861 3270 gate
878 3209 921 3256 the
939 3209 1043 3257 traveler
1060 3210 1150 3272 hythe
1169 3213 1218 3259 Via
1230 3214 1317 3274 Appia

265 3292 295 3340 of
308 3293 351 3340 the
369 3291 452 3355 public
465 3289 570 3337 welfare.
606 3303 630 3350 9.
649 3300 778 3339 concursu
804 3293 905 3339 entered
919 3292 961 3346 the
974 3293 1031 3354 city.
1039 3294 1114 3342 --ab
1132 3291 1233 3351 infimo,
1242 3295 1316 3358 from

265 3373 376 3424 Italiae:
397 3374 495 3421 Roman
508 3372 610 3420 citizens
622 3372 696 3421 could
709 3389 778 3422 exer·
803 3381 841 3438 top
860 3381 883 3422 to
902 3374 994 3423 botlom.
1038 3367 1073 3436 ltj.
1100 3375 1254 3433 celebravit,
1278 3385 1317 3424 at·

265 3458 316 3506 cise
335 3457 399 3505 their
416 3455 482 3518 right
501 3455 529 3502 ol
548 3455 654 3518 suffrage
675 3457 733 3518 only
751 3458 776 3504 in
802 3457 895 3504 tendent
934 3470 971 3504 21.
988 3458 1133 3516 Nonarum,
1147 3460 1318 3522 appositional

265 3540 346 3588 Rome
371 3539 443 3596 isselt,
470 3539 519 3586 and
546 3539 588 3586 the
614 3545 700 3586 senate
726 3538 776 3585 had
802 3553 871 3600 gen.;
889 3537 931 3586 the
946 3540 1085 3602 appositive
1100 3542 1190 3588 Nonae
1204 3542 1257 3589 also
1273 3559 1317 3590 oc-

264 3624 412 3672 summoned
435 3629 461 3670 to
485 3623 565 3669 Rome
589 3621 615 3668 in
636 3622 679 3669 the
702 3637 775 3668 name
802 3636 864 3668 curs.
902 3634 941 3669 22.
960 3621 1073 3684 egimus,
1091 3622 1116 3669 in
1133 3624 1176 3671 the
1194 3625 1316 3674 so-called

264 3705 293 3754 of
309 3705 351 3754 the
370 3704 469 3754 consuls
489 3703 522 3750 all
539 3703 595 3750 who
613 3717 678 3750 were
697 3702 775 3750 favor·
806 3703 894 3751 Oratio
900 3710 957 3766 post
967 3705 1086 3752 Reditum
1099 3706 1129 3753 in
1141 3706 1245 3756 Senatu.
