2988 4160
246 253 290 316 24
497 248 819 298 CORRESPONDENCE
842 249 887 298 OF
909 249 1042 299 CICERO.

405 453 466 517 vr.
514 455 548 517 A
580 455 700 519 Losa
733 455 923 517 carran
944 453 1029 534 (aa.
1049 472 1076 518 2.
1096 453 1138 540 8).

518 617 522 624 '
613 620 721 670 cicero
739 621 848 670 Attico
867 621 928 670 Sal.

291 767 480 850 Epistulam
501 788 576 831 cum
593 775 612 830 a
630 776 664 830 te
680 768 776 830 avide
796 775 1024 850 exspectarem
1047 769 1089 831 ad
1107 762 1296 851 vesperum,

246 890 283 944 ut
299 881 398 960 soleo,
413 900 490 943 ecce
506 879 566 942 tibi
581 879 718 943 nuntius
735 889 856 962 pueros
871 881 1003 944 venisse
1021 882 1137 944 Roma.
1183 883 1296 958 V0c63

247 1001 378 1075 quaero,
396 993 516 1074 ecquid
532 993 742 1055 litterarum.x
775 994 919 1074 Negant.
968 992 1059 1075 Quid
1076 993 1132 1068 ais,
1150 993 1295 1075 inquam,

247 1105 372 1168 nihilne
392 1112 411 1167 a
431 1105 635 1186 Pomponio?
683 1105 851 1167 Perterritl
873 1113 954 1168 voce
978 1115 1011 1168 et
1033 1106 1126 1168 vultu
1151 1106 1298 1168 confessi

208 1232 222 1278 5
247 1227 325 1280 sunt
343 1225 379 1280 se
400 1217 579 1298 accepisse,
603 1217 661 1279 sed
684 1216 844 1279 excidisse
864 1217 897 1278 in
920 1217 981 1279 via.
1030 1217 1120 1299 Quid
1144 1219 1297 1300 quaeris?

248 1329 451 1392 Permoleste
466 1329 535 1391 tuli.
585 1329 686 1390 Nulla
698 1329 786 1390 enim
800 1329 905 1392 abste
922 1349 981 1410 per
998 1330 1058 1392 hds
1071 1329 1141 1392 dies
1155 1330 1297 1412 epistula

246 1441 354 1504 inanis
378 1441 488 1522 aliqua
515 1448 550 1502 re
574 1441 645 1503 utili
668 1450 700 1503 et
724 1448 818 1503 suavi
840 1449 985 1504 venerat.
1043 1443 1143 1504 Nunc
1167 1441 1297 1524 siquid

246 1553 279 1615 in
303 1561 343 1616 ea
366 1553 509 1634 epistula
533 1573 631 1634 quam
652 1562 729 1615 ante
753 1553 841 1616 diem
860 1533 929 1616 rrvr.
953 1553 1027 1616 Kal.
1048 1553 1156 1616 Maias
1177 1553 1298 1616 dedisti
1341 1537 1343 1541 ⁸

246 1665 310 1728 luit
333 1665 469 1728 historia
493 1665 641 1746 dignum,
667 1665 773 1728 scribe
801 1685 900 1747 quam
928 1675 1080 1747 primum,
1106 1673 1148 1727 ne
1170 1673 1297 1746 ignore-

195 1801 222 1832 10
246 1798 337 1854 mus;
363 1787 413 1839 sin
429 1777 511 1840 nihil
532 1786 665 1859 praeter
684 1777 890 1854 locationem,
908 1778 1010 1841 redde
1031 1778 1064 1840 id
1085 1777 1204 1860 ipsum.
1253 1779 1297 1841 Et

246 1898 328 1952 scito
345 1889 524 1954 Curionem
546 1889 793 1952 adulescentem
814 1889 945 1953 venisse
967 1891 1008 1952 ad
1029 1897 1083 1953 me
1106 1891 1294 1954 salutatum.

245 2002 352 2066 Valde
369 2001 439 2063 eius
456 2009 566 2064 sermo
582 2003 623 2064 de
641 2001 756 2064 Publio
772 2023 847 2065 cum
863 2012 928 2064 tuis
944 2003 1061 2066 litteris
1082 2003 1294 2084 congruebat.

247 2115 325 2196 lpse
339 2121 419 2176 vero
435 2113 622 2176 mirandum
638 2113 671 2175 in
689 2114 824 2176 modum

577 2261 701 2326 —reges
714 2256 805 2310 odisse
818 2255 962 2326 superbos.

194 2406 219 2454 15
246 2394 416 2475 Peraeque
453 2392 610 2455 narrabat
639 2392 810 2455 incensam
842 2413 915 2456 esse
946 2393 1153 2457 iuventutem
1185 2413 1295 2476 neque

244 2506 332 2568 ferre
349 2506 431 2568 haec
448 2525 556 2586 posse.
606 2507 698 2568 Bene
715 2504 876 2568 habemus
892 2514 962 2582 nos,
981 2515 1009 2568 si
1024 2506 1057 2569 in
1074 2507 1125 2569 his
1142 2514 1218 2588 spes
1234 2515 1293 2570 est.

246 2617 384 2698 Opinor,
409 2617 498 2679 aliud
523 2624 671 2698 agamus
720 2619 794 2700 Ego
818 2626 871 2680 me
894 2619 938 2681 do
960 2618 1125 2682 historiae.
1173 2619 1296 2701 Quam-

286 2782 331 2830 VI.
358 2782 465 2830 Written
488 2783 514 2830 in
537 2783 616 2846 April,
640 2795 671 2848 59
694 2795 755 2842 B.c.,
782 2798 866 2846 young
877 2800 944 2842 man,
953 2784 1010 2834 who
1022 2783 1085 2832 later
1096 2784 1200 2832 became
1212 2799 1245 2832 an
1256 2799 1294 2832 ar-

243 2865 307 2913 srom
335 2865 443 2913 Cicero’s
467 2865 525 2913 villa
554 2882 613 2914 near
642 2867 752 2914 Antium.
782 2868 843 2915 dent
854 2873 986 2930 supportet
995 2866 1024 2914 os
1033 2866 1130 2915 Caesar.
1162 2879 1199 2914 12.
1208 2866 1294 2916 Valde

242 2949 340 2996 Atticus
351 2963 402 2996 uvas
416 2963 472 2995 now
487 2955 513 2996 at
530 2949 618 2997 Rome.
654 2961 676 2996 2.
697 2961 755 2998 ecce
783 2985 788 2996 .
813 2984 818 2996 .
843 2985 848 2996 .
872 2949 1043 3013 congruebat,
1066 2949 1174 3011 entirely
1196 2949 1291 3012 agreed

242 3030 302 3088 tibi,
323 3031 375 3078 look
392 3047 463 3094 you,·
490 3031 537 3078 till
556 3031 577 3079 is
598 3031 689 3079 ethical
712 3033 755 3079 da·
782 3031 934 3092 -Publio,
966 3031 1076 3080 Clodius.
1138 3044 1175 3090 14.
1206 3043 1292 3094 reges,

242 3114 299 3162 tive.
314 3125 455 3177 -pueros
478 3111 595 3172 venisse,
618 3115 668 3162 ind.
692 3114 752 3162 disc.
782 3115 875 3177 quoted
887 3114 951 3162 from
964 3114 1075 3163 Lucilius
1088 3115 1139 3162 and
1156 3115 1217 3162 used
1229 3113 1293 3162 here

241 3196 300 3244 with
330 3195 434 3260 implied
462 3197 529 3244 verb.
588 3210 612 3256 4.
643 3197 754 3258 Pompo·
782 3196 811 3244 of
831 3197 873 3244 the
893 3197 1014 3246 so·called
1036 3198 1100 3245 First
1119 3196 1290 3245 Triumvirate.

241 3278 295 3337 nio,
318 3279 424 3326 Atticus’
446 3294 546 3326 nomen.
595 3277 618 3326 8.
643 3277 752 3336 dedisti,
785 3291 820 3342 15.
841 3280 1019 3343 Peraeque,to
1033 3281 1101 3343 quite
1117 3280 1238 3339 thereme
1255 3279 1294 3326 de-

241 3362 387 3424 dtspatcleet
437 3374 460 3422 9.
490 3359 606 3410 historia
631 3359 752 3424 dignum,
777 3377 842 3424 gree.
889 3375 925 3426 17.
949 3361 1056 3426 opinor,
1075 3361 1149 3411 aliud
1169 3373 1291 3425 agamus,

241 3444 369 3508 especially
393 3445 539 3506 important.
588 3456 625 3490 10.
646 3441 755 3493 iocatio-
783 3445 812 3491 in
833 3460 874 3506 my
895 3445 1000 3507 opinion
1020 3461 1057 3492 we
1079 3444 1169 3492 should
1188 3444 1217 3491 do
1239 3444 1297 3492 well

241 3540 310 3585 nem,
326 3527 427 3590 joklng.
442 3525 574 3582 —redda
596 3525 668 3572 make
686 3525 754 3588 good,
781 3533 804 3573 to
820 3527 908 3574 eselew
919 3528 1026 3590 politica
1039 3524 1230 3576 —historiaet
1251 3527 1294 3574 the

241 3611 283 3658 i.e.
304 3610 337 3671 by
355 3608 485 3672 repeating
503 3608 522 3655 it
541 3608 566 3654 in
586 3607 691 3654 another
710 3607 754 3655 let·
782 3615 853 3656 exact
876 3616 963 3657 nature
987 3609 1015 3656 of
1041 3609 1091 3658 this
1113 3609 1182 3656 work
1205 3609 1226 3657 is
1249 3625 1294 3657 un·

240 3699 285 3742 ter.
321 3704 358 3740 11.
371 3689 521 3748 curionem,
535 3705 549 3736 a
561 3695 625 3737 most
637 3689 755 3737 dissolute
782 3690 884 3750 known,
904 3691 949 3739 but
969 3691 988 3739 it
1008 3707 1065 3756 may
1085 3692 1149 3740 have
1172 3692 1239 3740 been
1262 3707 1295 3742 an
