2988 4160
501 285 662 345 WANTED,
684 288 709 335 A
732 287 957 336 PANEGYRIST.
1212 291 1254 355 43

205 467 276 521 turn
292 456 510 522 Themistoch
526 458 608 539 fuge
625 458 780 541 exitiique
796 459 977 522 retinetur?
1025 459 1159 522 Etenim
1175 461 1256 523 erde

178 571 278 652 ,ipse
302 570 471 632 annelium
498 570 708 634 mediocriter
734 579 795 633 nos
823 571 942 634 retinet
967 571 1063 653 quasi
1088 579 1256 635 enumere-

206 684 296 746 tiene
326 685 498 746 festerum.
560 683 608 746 At
638 683 700 746 viri
730 704 831 765 saepe
866 685 1056 748 excellentis
1094 685 1256 766 ancipites
1278 707 1308 754 75

189 796 353 878 »variique
383 803 482 859 cessis
512 795 637 858 habent
671 796 931 873 admirationem,
964 797 1254 878 exspectetienem,

206 909 374 984 laetitiam,
399 907 594 983 molestiam,
618 928 721 989 spem,
746 908 916 986 timorem;
941 919 969 972 si
986 917 1065 971 vero
1089 910 1176 972 exitii
1200 931 1256 973 no-

205 1020 297 1083 tebili
314 1021 564 1096 conclr'rduntur,
583 1021 733 1101 expletur
749 1021 879 1084 animus
895 1021 1132 1084 ideundissime
1147 1023 1256 1086 lectie

206 1133 257 1195 nis
281 1133 461 1214 voluptete.
510 1132 587 1214 Que
612 1133 693 1194 mihi
718 1133 874 1196 acciderit
898 1134 1052 1214 optetius,
1078 1145 1106 1196 si
1131 1135 1164 1197 in
1193 1135 1255 1198 hec

207 1245 372 1308 sententie
394 1244 506 1321 fueris,
524 1255 561 1307 ut
582 1252 601 1306 e
622 1245 868 1308 continentibus
891 1255 956 1308 tuis
975 1257 1114 1328 scriptis,
1133 1247 1166 1309 in
1188 1247 1255 1330 qui·
1279 1267 1308 1309 so

205 1357 267 1420 bus
287 1367 484 1440 perpetuam
503 1365 612 1420 rerum
632 1365 802 1438 gesterum
824 1359 994 1422 historiam
1014 1359 1253 1440 complecteris,

206 1477 360 1533 secernas
384 1471 470 1533 hanc
494 1469 588 1552 quasi
611 1470 759 1532 febulam
784 1477 893 1532 rerum
918 1478 1177 1554 eventorumque
1200 1493 1256 1535 no-

206 1591 357 1646 strorum.
407 1583 520 1646 Habet
541 1583 628 1644 enim
649 1583 759 1645 varies
782 1590 876 1646 ectus
898 1585 1085 1666 multisque
1108 1585 1255 1648 ectienes

206 1706 239 1758 et
255 1695 465 1759 consiliorum
487 1705 521 1758 et
541 1705 739 1776 temporum.
786 1697 839 1759 Ac
860 1704 927 1758 nen
943 1717 1060 1760 vereor
1079 1704 1121 1759 ne
1140 1697 1255 1760 adsen-

205 1809 388 1872 tetiuncule
411 1807 554 1890 quedam
578 1815 738 1890 aucuperi
761 1817 853 1870 tuam
877 1809 1023 1889 gretiam¹
1042 1808 1156 1872 videar
1179 1829 1254 1872 cum
1278 1825 1306 1881 85

206 1909 268 1984 hec
282 1921 514 1996 demonstrem,
529 1927 582 1982 me
597 1927 617 1983 e
633 1928 666 1982 te
682 1920 891 2002 potissimum
908 1928 1017 1987 orneri
1030 1921 1254 2004 celebremque

204 2034 298 2097 velle.
347 2034 466 2115 Neque
489 2033 577 2096 enim
597 2041 632 2096 tsi
655 2033 683 2095 is
702 2053 738 2096 es
760 2033 915 2116 quiquid
935 2043 979 2096 sis
1000 2033 1129 2096 nescies
1150 2043 1255 2116 etqui

205 2153 272 2208 non
289 2155 346 2209 eos
362 2145 469 2226 magis
486 2155 540 2227 qui
557 2153 590 2208 te
611 2154 677 2207 non
700 2146 905 2208 admirentur
925 2145 1053 2209 invides
1075 2167 1175 2228 quam
1197 2155 1254 2210 ees

206 2269 262 2341 qui
292 2259 428 2321 laudent
458 2259 685 2320 adsentiateres
713 2257 888 2335 arbitrere;
917 2278 1025 2340 neque
1052 2267 1163 2321 autem
1191 2279 1254 2340 ego

205 2392 278 2434 sum
305 2371 352 2434 ita
379 2371 516 2434 demens
543 2379 579 2433 ut
609 2378 662 2432 me
690 2371 913 2452 sempiternae
940 2370 1064 2452 gleriae
1091 2391 1152 2452 per
1178 2391 1253 2433 eum
1277 2395 1307 2438 90

129 2539 133 2546 .
205 2484 432 2554 commendere
445 2483 544 2545 velim
564 2491 704 2565 quinon
724 2483 796 2564 ipse
817 2504 949 2566 quoque
970 2483 1003 2545 in
1021 2491 1074 2546 me
1090 2504 1254 2547 commen·

205 2597 316 2659 dande
340 2595 508 2678 propriam
533 2595 648 2676 ingeni
674 2595 813 2676 gleriam
840 2603 1069 2678 censequetur.
1134 2597 1254 2678 Neque

205 2710 294 2772 enim
310 2709 504 2772 Alexander
518 2708 572 2770 ille
589 2707 715 2789 gretiae
732 2715 831 2770 cause
847 2709 889 2770 ab
906 2709 1028 2790 Apelle
1045 2708 1253 2789 potissimum
1353 2697 1354 2700 ¹

206 2821 300 2903 pingi
316 2831 349 2884 et
364 2829 383 2884 e
402 2821 551 2904 Lysippe
567 2821 649 2902 fingi
663 2821 804 2896 volebat,
823 2820 881 2883 sed
898 2821 986 2903 quod
1002 2820 1131 2882 illorum
1149 2831 1254 2884 artem
1304 2807 1308 2812 ¹

205 2954 278 2996 cum
302 2935 391 3015 ipsis,
409 2943 479 2996 tum
500 2933 599 2996 etiam
621 2933 683 2995 sibi
702 2933 825 3014 gloriae
848 2934 921 2995 fore
944 2932 1092 3014 putebat.
1134 2934 1254 3015 ,Atque
1277 2952 1306 2999 95

204 3045 251 3108 illr
274 3045 416 3108 artifices
444 3045 591 3127 corporis
618 3045 794 3108 simulecra
819 3053 941 3126 ignetis
968 3053 1048 3108 neta
1074 3044 1252 3122 faciebant,

203 3249 281 3291 terest.
319 3255 356 3306 73.
372 3242 443 3299 ordo,
456 3241 585 3291 chrone'ele.
621 3253 659 3306 75.
676 3239 716 3292 fa·
743 3241 810 3300 cula,
823 3258 838 3288 a
852 3242 912 3290 little
917 3243 1030 3305 flatlery.
1064 3241 1104 3306 85.
1118 3241 1254 3304 aucupari,

203 3325 315 3380 storum,
327 3326 365 3374 the
377 3325 502 3373 calendar.
541 3338 579 3387 79.
597 3323 716 3390 Quo...
743 3332 765 3372 lo
777 3325 803 3372 be
806 3324 907 3389 fisleing
910 3325 974 3388 fhr:
989 3324 1102 3386 literally,
1115 3332 1136 3372 to
1144 3341 1176 3387 go
1180 3325 1254 3388 forul-

204 3407 335 3471 optatius,
353 3409 372 3455 l
384 3409 450 3456 shall
464 3408 584 3472 therefore
603 3407 717 3455 consider
744 3409 790 3470 ing
794 3409 847 3471 for.
882 3421 922 3468 93.
939 3405 1044 3471 gratiae
1057 3419 1145 3464 causa,
1158 3408 1256 3454 because
1283 3443 1285 3446 .

204 3492 297 3557 myself
328 3491 367 3538 all
400 3491 438 3538 tlte
473 3507 540 3538 neore
571 3491 712 3555 fhrtetnote.
743 3491 774 3554 os
789 3491 829 3538 leis
851 3489 937 3554 liking
952 3492 999 3554 sor
1021 3491 1093 3537 them.
1107 3489 1255 3552 —Apelle,

204 3573 244 3622 82.
275 3572 407 3633 fabulam,
438 3573 538 3620 dranza.
559 3599 590 3608 —-
608 3575 716 3623 evento·
743 3574 784 3620 the
797 3580 861 3620 most
877 3572 973 3620 famous
991 3572 1019 3620 of
1034 3572 1117 3620 Greek
1135 3573 1252 3635 painters.

203 3669 270 3712 rum,
284 3658 411 3722 sortunes.
454 3655 493 3716 83.
511 3655 596 3712 actus,
615 3664 716 3704 acts.—
742 3669 781 3716 94.
805 3654 944 3718 Lysippo:
976 3655 1014 3702 his
1036 3655 1128 3702 bronze
1152 3655 1256 3718 portrait

202 3739 331 3798 actiones,
343 3753 430 3786 semes.
471 3737 510 3798 84.
529 3737 715 3788 adsentatiun·
742 3745 834 3786 statues
851 3755 916 3786 were
934 3738 1037 3786 famous.
1083 3737 1124 3799 96.
1145 3735 1256 3803 ignotis,
