2988 4160
368 227 480 276 REPLll
501 228 547 278 TO
569 227 644 276 THE
667 228 803 276 LETTER
825 229 870 278 OF
892 227 1136 277 CONDOLENCE.
1235 230 1277 296 77

225 401 325 475 tebat,
340 401 438 463 facile
454 411 630 464 contentus
647 402 780 464 luterus
797 411 877 478 erat,
892 401 1120 464 accommodet
1136 401 1177 464 ad
1195 423 1277 464 mer-

224 513 323 576 cedes
339 514 485 594 Argileti
505 523 538 576 et
557 515 736 591 Aventini;
762 523 795 577 et
816 534 892 577 curn
914 525 945 576 ei
965 514 1186 595 preposueris,
1204 514 1276 596 ipse

224 626 323 688 velim
345 626 472 708 reliqua
493 627 673 702 moderere,
692 646 790 708 quem
812 626 1011 689 admodum
1033 646 1073 688 ex
1094 626 1133 688 iis
1155 635 1277 689 merce-

225 738 322 800 dibus
347 738 599 819 suppeditemus
625 748 656 800 ei
680 739 768 820 quod
794 759 879 820 opus
904 737 954 801 sit.
1012 738 1191 800 Praestebe
1214 759 1276 801 nec
1301 769 1329 799 20
1435 769 1437 772 ·

226 850 381 913 Bibulum
408 870 470 913 nec
498 849 676 912 Acidinum
704 870 766 914 nec
793 851 996 926 Messallam,
1023 859 1105 932 ques
1130 851 1276 913 Athenis

224 963 356 1025 {uteres
378 963 484 1038 audie,
503 963 643 1025 meieres
665 971 818 1044 semptes
840 964 989 1026 lacteres
1010 983 1110 1045 quarn
1131 963 1219 1045 quod
1236 983 1276 1025 ex

224 1074 264 1137 iis
280 1074 487 1138 mercedibus
509 1075 694 1156 recipietur.
743 1077 860 1157 ltaque
876 1074 976 1138 velim
997 1074 1110 1137 videes
1132 1085 1275 1156 primum

226 1188 444 1250 conducteres
469 1197 526 1269 qui
550 1187 615 1250 sint
640 1197 673 1250 et
698 1197 822 1270 quanti,
849 1187 970 1251 deinde
995 1197 1031 1250 ut
1056 1187 1123 1250 sint
1149 1197 1207 1269 qui
1233 1188 1275 1249 ad

225 1300 313 1362 diem
335 1300 474 1375 solvant,
496 1309 529 1362 et
550 1300 630 1382 quid
650 1299 769 1375 viatici,
788 1300 868 1382 quid
888 1307 1101 1363 instrrimenti
1121 1299 1201 1362 satis
1222 1299 1272 1362 sit.
1300 1321 1327 1368 25

227 1413 382 1474 lemente
398 1420 488 1476 certe
503 1413 649 1476 Athenis
669 1412 751 1475 nihil
768 1433 851 1494 opus
868 1412 930 1475 erit
940 1434 948 1489 ;
973 1411 1093 1494 quibus
1112 1421 1221 1475 autern
1241 1411 1274 1474 in

225 1525 278 1587 vie
295 1532 414 1601 fitetur,
433 1525 524 1588 domi
539 1534 617 1588 sunt
633 1525 729 1607 pliira
745 1545 845 1608 quam
865 1544 949 1608 opus
968 1533 1048 1600 erat,
1066 1524 1155 1606 quod
1174 1524 1274 1588 etiam

224 1643 260 1700 tri
277 1636 522 1700 animadvertis.

266 1846 468 1910 XXXVIII.
525 1847 681 1909 REPLY
713 1846 776 1912 TO
810 1846 911 1909 THE
945 1846 1136 1910 LETTER
1170 1845 1234 1910 OF

457 1959 787 2024 CONDOLENCE
817 1955 923 2042 (Fam.
944 1976 974 2038 4.
995 1957 1040 2044 6).

469 2113 524 2162 rM.
546 2111 653 2162 cicere
671 2111 702 2162 S.
723 2112 757 2160 D.
779 2111 842 2162 Ser.
864 2111 1011 2174 Sulpicie.

270 2247 343 2326 Ego
358 2253 446 2322 vere,
465 2246 567 2321 Servi,
586 2247 713 2322 vellem,
733 2255 768 2308 ut
783 2246 907 2322 scribis,
925 2246 959 2308 in
981 2253 1056 2308 mee
1077 2244 1274 2326 gravissime

224 2365 302 2421 cese
327 2359 500 2421 adfuisses.
550 2359 721 2440 Quantum
745 2358 833 2422 enim
857 2366 1017 2440 praesens
1040 2365 1093 2421 me
1117 2357 1273 2420 adiuvere

224 2470 370 2551 potueris
395 2479 429 2532 et
456 2471 659 2533 censelande
682 2481 715 2533 et
741 2491 845 2552 prope
872 2478 978 2553 aeque
1005 2470 1149 2533 dolende
1175 2470 1273 2532 facile

223 2602 263 2644 ex
279 2591 319 2645 ee
334 2582 502 2664 intellego,
520 2584 609 2665 quod
628 2583 745 2646 litteris
766 2583 859 2645 lectis
882 2583 1087 2664 aliquantum
1110 2582 1271 2664 adquievi.

224 2695 312 2756 Nam
337 2704 370 2756 et
389 2715 428 2756 ea
449 2695 610 2777 scripsisti
628 2715 713 2777 quae
737 2697 848 2758 levere
870 2696 995 2758 lictum
1018 2704 1164 2776 possent,
1186 2693 1273 2757 etin
1296 2713 1310 2760 5

222 2814 275 2868 me
294 2807 498 2871 censelande
518 2816 584 2870 nen
606 2807 806 2871 mediocrem
828 2807 900 2889 ipse
924 2806 1025 2869 animi
1047 2807 1195 2870 dolerem
1220 2805 1274 2868 ad-

222 2919 365 2982 hibuisti.
414 2919 549 2984 Servius
571 2930 684 2983 tamen
707 2930 785 2984 tuus
809 2919 962 2984 omnibus
984 2919 1099 2982 officiis
1120 2939 1205 3001 quae
1227 2918 1274 2980 illi

221 3042 364 3114 tempori
386 3031 486 3095 tribui
509 3041 688 3114 potuerunt
713 3033 893 3096 declerivit
920 3042 954 3096 et
979 3041 1095 3115 quanti
1120 3031 1192 3112 ipse
1220 3015 1273 3092 me

221 3180 336 3240 duceret,
350 3198 415 3230 were
427 3183 538 3245 rentiug.
582 3194 618 3245 17.
636 3193 734 3231 merce·
760 3169 1272 3246 ticI,allowancesortraueliugexpenses.

221 3263 276 3320 des,
297 3271 372 3321 rents,
394 3265 507 3320 income:
533 3264 621 3312 Cicero
645 3266 734 3313 owned
760 3262 1066 3328 -rnstrumentihuqte,
1090 3263 1129 3312 26.
1141 3262 1272 3320 lumento,

221 3352 349 3394 tenement
372 3347 464 3394 houses
487 3363 515 3395 or
537 3348 614 3410 shops
637 3363 670 3395 on
691 3347 733 3395 the
760 3347 914 3410 acorriage.

221 3429 346 3479 Aventine
365 3431 415 3478 and
432 3429 458 3478 in
474 3430 517 3478 the
537 3437 636 3493 quarter
653 3429 733 3478 called
803 3429 954 3478 XXXVIII.
983 3443 1007 3490 4.
1030 3427 1204 3492 aliquantum
1226 3427 1272 3478 ad·

220 3512 371 3574 Argiletum.
396 3525 432 3574 19.
444 3512 586 3570 moderere,
592 3527 644 3573 you
653 3513 738 3560 would
760 3510 859 3576 quieVI,
885 3513 905 3560 I
925 3511 989 3560 haue
1010 3511 1101 3577 found
1123 3527 1187 3558 some
1212 3511 1273 3558 little

221 3610 335 3659 manage.
374 3608 413 3655 24.
432 3594 611 3652 conductores,
624 3601 730 3643 tenants.
760 3595 840 3660 reliefl
891 3593 913 3642 8.
941 3592 1038 3658 quanti
1062 3628 1067 3642 .
1094 3629 1099 3641 .
1126 3629 1132 3641 .
1159 3590 1270 3652 faceret,

219 3676 366 3742 —quanti
382 3693 439 3740 gen.
454 3677 484 3725 of
496 3677 573 3742 price.
620 3688 658 3746 25.
676 3676 733 3730 via-
759 3678 812 3729 how
828 3677 913 3745 highly
929 3677 958 3724 he
974 3676 1080 3746 himself
1093 3675 1210 3724 esteemed
1226 3690 1272 3728 me.
