2988 4162
465 263 540 313 THE
563 263 670 312 EXILE
692 263 738 313 TO
762 262 823 312 HIS
846 263 988 314 FAMILY.
1212 269 1249 332 31

202 447 329 514 servivi,
348 435 443 500 nebis
462 435 604 517 gretiam
625 437 831 498 rettulerunt.
881 436 953 499 Nes
975 437 1143 500 Brundisii
1162 438 1252 519 apud

204 552 250 614 M.
270 549 433 612 Laenium
457 548 614 611 Flaccum
631 547 701 611 dies
717 547 780 610 xiii.
799 548 933 624 fuimus
950 548 1056 612 virum
1079 549 1250 631 optimum,

202 673 259 747 qui
274 662 457 744 periculum
473 661 682 724 fortenerurn
700 669 733 724 et
749 660 866 742 capitis
883 671 934 725 sui
953 681 1033 743 prae
1052 669 1126 724 mee
1145 663 1252 725 salete

201 774 356 857 neglexit,
374 794 482 856 neque
499 773 582 854 legis
601 773 866 855 improbissimae
888 781 996 856 poene
1018 773 1180 837 deductus
1202 785 1253 837 est
1280 800 1306 845 15

202 886 394 970 queminus
416 886 540 970 hospiti
560 895 594 949 et
614 886 778 949 amicitiae
799 885 850 948 ies
874 885 1084 969 officiumque
1107 894 1253 969 praeste-
1323 871 1325 876 ¹

202 1009 260 1063 ret.
310 999 399 1062 Huic
421 999 547 1061 utinam
569 998 748 1081 aliquande
767 998 907 1080 gratiam
924 999 1049 1063 relerre
1066 1000 1250 1080 possimus!

131 1197 134 1202 Ι
203 1112 412 1176 Habebimus
434 1111 567 1194 quidem
589 1131 729 1193 semper.
778 1110 954 1174 Brundisie
975 1111 1118 1192 profecti
1138 1132 1252 1175 sumus

202 1246 229 1288 a.
248 1225 278 1289 d.
296 1243 330 1288 11.
350 1225 391 1287 K.
411 1224 510 1302 Mei.;
535 1243 595 1306 per
613 1223 846 1287 Macedoniam
866 1224 1023 1308 Cyzicum
1044 1224 1250 1306 petebamus.

203 1324 312 1402 Ome
335 1337 518 1420 perditum!
566 1320 807 1400 &adflictum
856 1336 946 1419 Quid
969 1357 1057 1400 nunc
1081 1356 1196 1417 rogem
1219 1344 1253 1400 te
1278 1361 1307 1392 ω

202 1460 239 1513 ut
261 1450 385 1526 venies
410 1449 580 1512 mulierem
604 1468 739 1530 aegram
763 1457 796 1512 et
819 1469 958 1531 corpore
983 1458 1017 1512 et
1041 1449 1152 1512 anime
1178 1457 1252 1512 cen-

202 1563 348 1626 feetam?
395 1563 473 1625 Nen
500 1561 638 1643 rogem?
685 1561 765 1626 Sine
788 1568 822 1624 te
846 1561 947 1643 igitur
971 1561 1056 1624 sim?
1111 1562 1251 1643 Opinor,

203 1685 249 1738 sic
270 1695 387 1756 agam:
412 1684 440 1736 si
461 1684 512 1736 est
533 1681 610 1755 spes
634 1683 739 1737 nostri
761 1673 895 1750 rediteS,
919 1694 992 1736 eam
1016 1675 1196 1737 confirmes
1220 1684 1253 1737 et

201 1807 272 1849 rem
289 1786 444 1862 adiuves;
469 1795 530 1862 sin,
548 1795 585 1849 ut
600 1806 664 1867 ego
680 1793 800 1861 metue,
817 1765 1023 1849 trensectum
1042 1797 1101 1860 est,
1120 1795 1253 1869 queque

202 1900 302 1962 mode
322 1909 419 1981 potes
440 1899 483 1961 ad
503 1906 557 1961 me
578 1899 632 1961 lac
653 1899 777 1961 venies,
826 1883 942 1963 Unum
963 1899 1025 1961 hec
1047 1907 1147 1962 scite:
1172 1909 1201 1961 si
1220 1906 1253 1962 te
1278 1922 1304 1966 25

202 2012 341 2089 habebe,
358 2021 425 2074 nen
442 2011 523 2074 mihi
538 2011 675 2074 videbor
691 2012 791 2099 plene
809 2020 944 2093 perisse.
992 2011 1059 2075 Sed
1079 2012 1158 2093 quid
1177 2011 1253 2074 Tul·

202 2125 279 2188 liole
302 2131 376 2187 mee
399 2125 482 2188 fiet?
543 2125 614 2187 Iam
639 2123 672 2187 id
698 2132 758 2187 ves
784 2124 913 2200 videte;
949 2123 1030 2186 mihi
1056 2125 1151 2187 dee'st
1177 2132 1252 2187 cen·

202 2237 319 2300 silium.
367 2237 435 2302 Sed
458 2245 556 2314 certe,
582 2245 717 2319 queque
739 2238 839 2300 mode
862 2244 898 2299 se
920 2244 973 2299 res
997 2236 1140 2312 habebit,
1165 2237 1251 2299 illius

202 2349 355 2428 misellae·
362 2359 395 2412 et
408 2349 616 2412 matrimenie
632 2359 665 2413 et
681 2350 791 2412 lemae
808 2349 1020 2412 serviendum
1032 2359 1091 2412 est.
1139 2349 1251 2432 Quid?

202 2461 320 2526 Cicere
336 2481 430 2524 meus
447 2461 525 2544 quid
537 2462 642 2543 aget?
688 2463 757 2525 Iste
772 2469 851 2525 vere
867 2461 909 2525 sit
924 2461 958 2524 in
975 2462 1049 2525 sine
1072 2481 1204 2544 semper
1219 2473 1252 2526 et
1276 2483 1305 2527 30

202 2574 376 2656 complexe
393 2582 476 2637 mee.
526 2575 603 2636 Nen
620 2582 706 2656 quee
725 2576 820 2656 plera
840 2574 905 2636 iam
927 2574 1089 2651 scribere3
1113 2574 1252 2656 impedit

202 2707 340 2750 maeror.
388 2688 440 2750 Te
464 2685 544 2769 quid
571 2687 678 2768 egeris
705 2686 826 2763 nescie,
848 2697 963 2750 utrum
987 2687 1110 2769 aliquid
1136 2694 1252 2750 tenees

202 2819 254 2875 an,
272 2798 360 2881 quod
377 2807 498 2875 metue,
516 2799 616 2880 plene
632 2808 676 2862 sis
696 2799 844 2882 spolieta.
893 2800 1056 2876 Pisenem,
1074 2809 1110 2862 ut
1126 2799 1250 2876 scribis,

205 2982 240 3031 14.
256 2969 427 3022 fortunarum
439 2971 468 3022 et
481 2969 595 3036 capitis:
614 2970 646 3018 he
658 2971 715 3019 who
741 2972 887 3035 dependent
906 2987 974 3035 upon
993 2986 1008 3019 a
1025 2970 1085 3018 verb
1103 2970 1131 3018 of
1146 2969 1207 3018 wish
1225 2986 1253 3018 or

202 3053 326 3102 sheltered
355 3070 387 3102 an
416 3054 507 3102 outlaw
535 3069 586 3102 was
616 3053 718 3102 himself
741 3055 875 3102 command
893 3054 995 3117 implied
1013 3054 1037 3101 in
1055 3055 1092 3117 sir
1108 3069 1190 3116 agam,
1203 3055 1252 3102 and

201 3133 276 3183 liable
297 3143 322 3184 to
344 3135 503 3184 banishrnent
522 3137 572 3185 and
593 3137 635 3184 the
656 3151 715 3184 con·
742 3144 786 3185 not
802 3153 834 3184 an
848 3137 961 3185 instance
976 3136 1004 3184 of
1019 3137 1062 3184 the
1078 3137 1132 3183 r'are
1152 3136 1252 3184 definite

203 3217 315 3266 fiscation
338 3219 366 3266 ol
392 3235 408 3267 a
433 3219 499 3268 third
525 3219 554 3267 ol
576 3219 615 3267 his
641 3234 714 3283 prop·
741 3220 834 3268 second
847 3235 937 3282 person
950 3219 1148 3267 asasubstitute
1161 3219 1198 3266 lor
1210 3219 1252 3267 the

203 3308 262 3363 erty.
275 3314 390 3364 -prae‚
415 3303 445 3349 in
465 3303 622 3365 comparison
642 3302 711 3350 with.
741 3302 1089 3366 imperative3cismarinas.
1115 3301 1251 3362 24.trans·

206 3381 241 3430 18.
269 3382 385 3446 profecti
413 3397 515 3444 sumus,
545 3385 712 3448 petebamus,
740 3385 832 3434 actum
851 3385 901 3442 est,
924 3385 945 3432 it
967 3387 988 3432 is
1010 3385 1050 3432 all
1068 3392 1102 3448 up
1122 3384 1183 3432 wirla
1203 3400 1248 3434 me.

203 3466 335 3529 epistolary
362 3474 451 3514 tenses.
509 3481 545 3529 19.
571 3479 595 3516 a.
622 3467 647 3517 d.
676 3473 714 3524 11„
741 3467 780 3516 26.
793 3466 920 3524 Tulliola,
930 3483 962 3514 an
975 3467 1132 3515 affectionate
1145 3467 1252 3515 diminu-

203 3567 227 3590 =
239 3549 334 3610 pridie.
347 3548 533 3612 -Cyzicum
558 3550 590 3597 he
608 3550 715 3612 actually
741 3550 797 3598 tive.
833 3563 872 3614 27.
889 3548 944 3607 fiet,
966 3550 1021 3598 will
1039 3550 1130 3597 become
1150 3551 1191 3615 os,
1209 3549 1252 3597 the

202 3639 269 3680 went
286 3647 319 3679 no
338 3631 429 3679 larther
446 3632 508 3680 than
524 3632 710 3681 Thessalonica.
741 3632 789 3680 abl.
809 3631 835 3679 in
856 3632 905 3679 this
926 3632 1003 3680 idiom
1027 3632 1046 3679 is
1069 3631 1249 3684 instrumental.

203 3725 242 3776 23.
259 3711 414 3765 confirmes:
434 3714 477 3763 the
490 3714 551 3778 subj.
564 3715 586 3762 is
599 3715 714 3778 logically
741 3727 780 3776 29.
797 3713 931 3773 misellae,
943 3715 1003 3763 dim.
1016 3713 1044 3761 ol
1061 3714 1145 3762 miser.
1155 3725 1254 3763 -ma-
