<?xml version="1.0" encoding="UTF-8"?>
<!DOCTYPE html PUBLIC "-//W3C//DTD XHTML 1.0 Transitional//EN"
    "http://www.w3.org/TR/xhtml1/DTD/xhtml1-transitional.dtd">
<html xmlns="http://www.w3.org/1999/xhtml" xml:lang="en" lang="en">
 <head>
  <title>
</title>
<meta http-equiv="Content-Type" content="text/html;charset=utf-8" />
  <meta name='ocr-system' content='tesseract 3.04.00' />
  <meta name='ocr-capabilities' content='ocr_page ocr_carea ocr_par ocr_line ocrx_word'/>
</head>
<body>
  <div class='ocr_page' id='page_1' title='image "./selectionsfromc04cicegoog_0102.png"; bbox 0 0 2988 4162; ppageno 0'>
   <div class='ocr_carea' id='block_1_1' title="bbox 517 289 908 341">
    <p class='ocr_par' dir='ltr' id='par_1_1' title="bbox 517 289 908 341">
     <span class='ocr_line' id='line_1_1' title="bbox 517 289 908 341; baseline -0.003 0"><span class='ocrx_word' id='word_1_1' title='bbox 517 293 542 341; x_wconf 89' lang='lat' dir='ltr'>A</span> <span class='ocrx_word' id='word_1_2' title='bbox 564 290 743 341; x_wconf 81' lang='lat' dir='ltr'>FAITHFUL</span> <span class='ocrx_word' id='word_1_3' title='bbox 766 289 908 340; x_wconf 88' lang='lat' dir='ltr'><strong>FRIEND.</strong></span> 
     </span>
    </p>
   </div>
   <div class='ocr_carea' id='block_1_2' title="bbox 395 507 1038 714">
    <p class='ocr_par' dir='ltr' id='par_1_2' title="bbox 395 507 1038 714">
     <span class='ocr_line' id='line_1_2' title="bbox 395 507 1038 588; baseline -0.003 -16"><span class='ocrx_word' id='word_1_4' title='bbox 395 509 452 572; x_wconf 92' lang='lat' dir='ltr'>LI.</span> <span class='ocrx_word' id='word_1_5' title='bbox 499 507 533 570; x_wconf 91' lang='lat' dir='ltr'>A</span> <span class='ocrx_word' id='word_1_6' title='bbox 565 508 819 572; x_wconf 89' lang='lat' dir='ltr'>FAITHFUL</span> <span class='ocrx_word' id='word_1_7' title='bbox 851 507 1038 588; x_wconf 78' lang='lat' dir='ltr'>FRIEND</span> 
     </span>
     <span class='ocr_line' id='line_1_3' title="bbox 584 627 845 714; baseline 0 -24"><span class='ocrx_word' id='word_1_8' title='bbox 584 627 691 714; x_wconf 84' lang='lat' dir='ltr'>(Fam.</span> <span class='ocrx_word' id='word_1_9' title='bbox 715 647 760 692; x_wconf 90' lang='lat'>11.</span> <span class='ocrx_word' id='word_1_10' title='bbox 780 631 845 714; x_wconf 87' lang='lat'>28).</span> 
     </span>
    </p>
   </div>
   <div class='ocr_carea' id='block_1_3' title="bbox 553 813 879 864">
    <p class='ocr_par' dir='ltr' id='par_1_3' title="bbox 553 813 879 864">
     <span class='ocr_line' id='line_1_4' title="bbox 553 813 879 864; baseline 0 -1"><span class='ocrx_word' id='word_1_11' title='bbox 553 815 672 864; x_wconf 78' lang='lat' dir='ltr'>Matius</span> <span class='ocrx_word' id='word_1_12' title='bbox 690 813 830 864; x_wconf 72' lang='lat' dir='ltr'>ciceroni</span> <span class='ocrx_word' id='word_1_13' title='bbox 846 814 879 864; x_wconf 78' lang='grc' dir='ltr'>Β.</span> 
     </span>
    </p>
   </div>
   <div class='ocr_carea' id='block_1_4' title="bbox 192 983 1281 1632">
    <p class='ocr_par' dir='ltr' id='par_1_4' title="bbox 192 983 1281 1632">
     <span class='ocr_line' id='line_1_5' title="bbox 237 983 1242 1068; baseline -0.004 -20"><span class='ocrx_word' id='word_1_14' title='bbox 237 989 397 1068; x_wconf 74' lang='lat' dir='ltr'>Magnam</span> <span class='ocrx_word' id='word_1_15' title='bbox 416 985 623 1066; x_wconf 79' lang='lat' dir='ltr'>voluptatem</span> <span class='ocrx_word' id='word_1_16' title='bbox 645 1003 685 1046; x_wconf 86' lang='lat' dir='ltr'>ex</span> <span class='ocrx_word' id='word_1_17' title='bbox 705 992 771 1045; x_wconf 79' lang='lat' dir='ltr'>tuis</span> <span class='ocrx_word' id='word_1_18' title='bbox 792 983 909 1046; x_wconf 83' lang='lat' dir='ltr'>litteris</span> <span class='ocrx_word' id='word_1_19' title='bbox 931 990 1014 1065; x_wconf 78' lang='lat' dir='ltr'>cept,</span> <span class='ocrx_word' id='word_1_20' title='bbox 1031 983 1120 1065; x_wconf 93' lang='lat' dir='ltr'>quod</span> <span class='ocrx_word' id='word_1_21' title='bbox 1142 1003 1242 1065; x_wconf 89' lang='lat' dir='ltr'>quarn</span> 
     </span>
     <span class='ocr_line' id='line_1_6' title="bbox 192 1095 1242 1181; baseline -0.005 -20"><span class='ocrx_word' id='word_1_22' title='bbox 192 1107 360 1181; x_wconf 74' lang='lat' dir='ltr'>speraram</span> <span class='ocrx_word' id='word_1_23' title='bbox 389 1107 488 1180; x_wconf 89' lang='lat' dir='ltr'>atque</span> <span class='ocrx_word' id='word_1_24' title='bbox 516 1103 667 1178; x_wconf 76' lang='lat' dir='ltr'>optaram</span> <span class='ocrx_word' id='word_1_25' title='bbox 695 1096 818 1159; x_wconf 82' lang='lat' dir='ltr'>habere</span> <span class='ocrx_word' id='word_1_26' title='bbox 845 1103 879 1158; x_wconf 78' lang='lat' dir='ltr'>te</span> <span class='ocrx_word' id='word_1_27' title='bbox 906 1097 947 1158; x_wconf 76' lang='lat' dir='ltr'>de</span> <span class='ocrx_word' id='word_1_28' title='bbox 972 1103 1025 1158; x_wconf 76' lang='lat' dir='ltr'>me</span> <span class='ocrx_word' id='word_1_29' title='bbox 1052 1095 1242 1177; x_wconf 77' lang='lat' dir='ltr'>opinionem</span> 
     </span>
     <span class='ocr_line' id='line_1_7' title="bbox 192 1207 1243 1292; baseline -0.005 -19"><span class='ocrx_word' id='word_1_30' title='bbox 192 1219 341 1292; x_wconf 79' lang='lat' dir='ltr'>cognovi.</span> <span class='ocrx_word' id='word_1_31' title='bbox 413 1211 465 1272; x_wconf 76' lang='lat' dir='ltr'>De</span> <span class='ocrx_word' id='word_1_32' title='bbox 497 1216 563 1292; x_wconf 78' lang='lat' dir='ltr'>qua</span> <span class='ocrx_word' id='word_1_33' title='bbox 593 1218 656 1271; x_wconf 81' lang='lat' dir='ltr'>etsi</span> <span class='ocrx_word' id='word_1_34' title='bbox 685 1216 753 1270; x_wconf 80' lang='lat' dir='ltr'>non</span> <span class='ocrx_word' id='word_1_35' title='bbox 787 1207 989 1284; x_wconf 79' lang='lat' dir='ltr'>dubitabam,</span> <span class='ocrx_word' id='word_1_36' title='bbox 1021 1217 1134 1270; x_wconf 89' lang='lat' dir='ltr'>tamen</span> <span class='ocrx_word' id='word_1_37' title='bbox 1165 1207 1243 1289; x_wconf 92' lang='lat' dir='ltr'>quia</span> 
     </span>
     <span class='ocr_line' id='line_1_8' title="bbox 192 1320 1241 1402; baseline -0.005 -17"><span class='ocrx_word' id='word_1_38' title='bbox 192 1323 325 1386; x_wconf 76' lang='lat' dir='ltr'>maximi</span> <span class='ocrx_word' id='word_1_39' title='bbox 345 1321 570 1396; x_wconf 79' lang='lat' dir='ltr'>aestimabam,</span> <span class='ocrx_word' id='word_1_40' title='bbox 594 1331 629 1384; x_wconf 94' lang='lat' dir='ltr'>ut</span> <span class='ocrx_word' id='word_1_41' title='bbox 652 1320 845 1402; x_wconf 88' lang='lat' dir='ltr'>incorrupta</span> <span class='ocrx_word' id='word_1_42' title='bbox 868 1328 1018 1383; x_wconf 76' lang='lat' dir='ltr'>maneret</span> <span class='ocrx_word' id='word_1_43' title='bbox 1040 1320 1241 1383; x_wconf 79' lang='lat' dir='ltr'>laborabam.</span> 
     </span>
     <span class='ocr_line' id='line_1_9' title="bbox 193 1432 1281 1500; baseline -0.006 0"><span class='ocrx_word' id='word_1_44' title='bbox 193 1435 355 1500; x_wconf 79' lang='lat' dir='ltr'>Conscius</span> <span class='ocrx_word' id='word_1_45' title='bbox 377 1445 488 1497; x_wconf 86' lang='lat' dir='ltr'>autem</span> <span class='ocrx_word' id='word_1_46' title='bbox 509 1433 591 1496; x_wconf 85' lang='lat' dir='ltr'>milri</span> <span class='ocrx_word' id='word_1_47' title='bbox 612 1453 702 1496; x_wconf 88' lang='lat' dir='ltr'>eram</span> <span class='ocrx_word' id='word_1_48' title='bbox 724 1433 806 1496; x_wconf 90' lang='lat' dir='ltr'>nihil</span> <span class='ocrx_word' id='word_1_49' title='bbox 822 1440 841 1495; x_wconf 73' lang='lat' dir='ltr'>a</span> <span class='ocrx_word' id='word_1_50' title='bbox 860 1441 914 1495; x_wconf 80' lang='lat' dir='ltr'>me</span> <span class='ocrx_word' id='word_1_51' title='bbox 934 1432 1148 1496; x_wconf 87' lang='lat' dir='ltr'>commissum</span> <span class='ocrx_word' id='word_1_52' title='bbox 1169 1452 1243 1495; x_wconf 89' lang='lat' dir='ltr'>esse</span> <span class='ocrx_word' id='word_1_53' title='bbox 1267 1448 1281 1495; x_wconf 87' lang='lat'>5</span> 
     </span>
     <span class='ocr_line' id='line_1_10' title="bbox 192 1545 1243 1632; baseline -0.005 -21"><span class='ocrx_word' id='word_1_54' title='bbox 192 1547 281 1632; x_wconf 94' lang='lat' dir='ltr'>quod</span> <span class='ocrx_word' id='word_1_55' title='bbox 307 1547 387 1610; x_wconf 82' lang='lat' dir='ltr'>boni</span> <span class='ocrx_word' id='word_1_56' title='bbox 413 1547 609 1628; x_wconf 78' lang='lat' dir='ltr'>cuiusquam</span> <span class='ocrx_word' id='word_1_57' title='bbox 637 1545 824 1608; x_wconf 84' lang='lat' dir='ltr'>offenderet</span> <span class='ocrx_word' id='word_1_58' title='bbox 851 1545 1007 1608; x_wconf 89' lang='lat' dir='ltr'>animum.</span> <span class='ocrx_word' id='word_1_59' title='bbox 1057 1546 1107 1607; x_wconf 79' lang='lat' dir='ltr'>Eo</span> <span class='ocrx_word' id='word_1_60' title='bbox 1134 1545 1243 1607; x_wconf 91' lang='lat' dir='ltr'>minus</span> 
     </span>
    </p>
   </div>
   <div class='ocr_carea' id='block_1_5' title="bbox 192 1657 1297 2978">
    <p class='ocr_par' dir='ltr' id='par_1_5' title="bbox 192 1657 1297 2978">
     <span class='ocr_line' id='line_1_11' title="bbox 192 1657 1245 1741; baseline -0.005 -18"><span class='ocrx_word' id='word_1_61' title='bbox 192 1660 367 1724; x_wconf 76' lang='lat' dir='ltr'>credebam</span> <span class='ocrx_word' id='word_1_62' title='bbox 399 1659 549 1741; x_wconf 78' lang='lat' dir='ltr'>plurimis</span> <span class='ocrx_word' id='word_1_63' title='bbox 580 1669 679 1741; x_wconf 88' lang='lat' dir='ltr'>atque</span> <span class='ocrx_word' id='word_1_64' title='bbox 711 1658 844 1740; x_wconf 81' lang='lat' dir='ltr'>optimis</span> <span class='ocrx_word' id='word_1_65' title='bbox 875 1658 1000 1720; x_wconf 92' lang='lat' dir='ltr'>artibus</span> <span class='ocrx_word' id='word_1_66' title='bbox 1038 1665 1156 1720; x_wconf 76' lang='lat' dir='ltr'>ornato</span> <span class='ocrx_word' id='word_1_67' title='bbox 1185 1657 1245 1719; x_wconf 92' lang='lat' dir='ltr'>tibi</span> 
     </span>
     <span class='ocr_line' id='line_1_12' title="bbox 192 1757 1244 1856; baseline -0.005 -20"><span class='ocrx_word' id='word_1_68' title='bbox 192 1781 317 1836; x_wconf 79' lang='lat' dir='ltr'>temere</span> <span class='ocrx_word' id='word_1_69' title='bbox 348 1773 525 1856; x_wconf 91' lang='lat' dir='ltr'>quicquam</span> <span class='ocrx_word' id='word_1_70' title='bbox 561 1771 755 1853; x_wconf 77' lang='lat' dir='ltr'>persuaderi</span> <span class='ocrx_word' id='word_1_71' title='bbox 791 1757 950 1853; x_wconf 83' lang='lat' dir='ltr'>potuisse,</span> <span class='ocrx_word' id='word_1_72' title='bbox 983 1770 1180 1852; x_wconf 82' lang='lat' dir='ltr'>praesertim</span> <span class='ocrx_word' id='word_1_73' title='bbox 1210 1769 1244 1832; x_wconf 93' lang='lat' dir='ltr'>in</span> 
     </span>
     <span class='ocr_line' id='line_1_13' title="bbox 193 1883 1297 1967; baseline -0.005 -19"><span class='ocrx_word' id='word_1_74' title='bbox 193 1906 293 1967; x_wconf 91' lang='lat' dir='ltr'>quem</span> <span class='ocrx_word' id='word_1_75' title='bbox 323 1906 398 1948; x_wconf 92' lang='lat' dir='ltr'>mea</span> <span class='ocrx_word' id='word_1_76' title='bbox 429 1892 598 1966; x_wconf 76' lang='lat' dir='ltr'>propensa</span> <span class='ocrx_word' id='word_1_77' title='bbox 625 1893 658 1947; x_wconf 92' lang='lat' dir='ltr'>et</span> <span class='ocrx_word' id='word_1_78' title='bbox 689 1894 852 1965; x_wconf 89' lang='lat' dir='ltr'>perpetua</span> <span class='ocrx_word' id='word_1_79' title='bbox 882 1883 1002 1958; x_wconf 80' lang='lat' dir='ltr'>fuisset</span> <span class='ocrx_word' id='word_1_80' title='bbox 1029 1892 1129 1964; x_wconf 89' lang='lat' dir='ltr'>atque</span> <span class='ocrx_word' id='word_1_81' title='bbox 1156 1891 1246 1945; x_wconf 91' lang='lat' dir='ltr'>esset</span> <span class='ocrx_word' id='word_1_82' title='bbox 1295 1961 1297 1964; x_wconf 16' lang='grc' dir='ltr'>Ι</span> 
     </span>
     <span class='ocr_line' id='line_1_14' title="bbox 192 1995 1246 2079; baseline -0.003 -19"><span class='ocrx_word' id='word_1_83' title='bbox 192 1997 434 2061; x_wconf 86' lang='lat' dir='ltr'>benevolentia.</span> <span class='ocrx_word' id='word_1_84' title='bbox 498 1997 598 2078; x_wconf 84' lang='lat' dir='ltr'>Quod</span> <span class='ocrx_word' id='word_1_85' title='bbox 628 1996 786 2079; x_wconf 90' lang='lat' dir='ltr'>quoniam</span> <span class='ocrx_word' id='word_1_86' title='bbox 813 2006 850 2059; x_wconf 92' lang='lat' dir='ltr'>ut</span> <span class='ocrx_word' id='word_1_87' title='bbox 876 1996 965 2058; x_wconf 84' lang='lat' dir='ltr'>volui</span> <span class='ocrx_word' id='word_1_88' title='bbox 992 1995 1061 2058; x_wconf 77' lang='lat' dir='ltr'>seio</span> <span class='ocrx_word' id='word_1_89' title='bbox 1087 2015 1170 2070; x_wconf 91' lang='lat' dir='ltr'>esse,</span> <span class='ocrx_word' id='word_1_90' title='bbox 1198 2015 1246 2057; x_wconf 89' lang='lat' dir='ltr'>re·</span> 
     </span>
     <span class='ocr_line' id='line_1_15' title="bbox 193 2109 1245 2192; baseline -0.004 -19"><span class='ocrx_word' id='word_1_91' title='bbox 193 2111 365 2192; x_wconf 79' lang='lat' dir='ltr'>spondebo</span> <span class='ocrx_word' id='word_1_92' title='bbox 386 2109 578 2172; x_wconf 78' lang='lat' dir='ltr'>criminibus</span> <span class='ocrx_word' id='word_1_93' title='bbox 600 2109 719 2191; x_wconf 94' lang='lat' dir='ltr'>quibus</span> <span class='ocrx_word' id='word_1_94' title='bbox 740 2117 775 2172; x_wconf 78' lang='lat' dir='ltr'>tu</span> <span class='ocrx_word' id='word_1_95' title='bbox 798 2117 859 2190; x_wconf 80' lang='lat' dir='ltr'>pro</span> <span class='ocrx_word' id='word_1_96' title='bbox 880 2116 942 2184; x_wconf 77' lang='lat' dir='ltr'>me,</span> <span class='ocrx_word' id='word_1_97' title='bbox 960 2118 996 2170; x_wconf 92' lang='lat' dir='ltr'>ut</span> <span class='ocrx_word' id='word_1_98' title='bbox 1017 2115 1168 2190; x_wconf 76' lang='lat' dir='ltr'>parerat</span> <span class='ocrx_word' id='word_1_99' title='bbox 1188 2115 1245 2170; x_wconf 75' lang='lat' dir='ltr'>tua</span> 
     </span>
     <span class='ocr_line' id='line_1_16' title="bbox 193 2220 1243 2304; baseline -0.002 -20"><span class='ocrx_word' id='word_1_100' title='bbox 193 2223 354 2304; x_wconf 78' lang='lat' dir='ltr'>singulari</span> <span class='ocrx_word' id='word_1_101' title='bbox 382 2223 531 2286; x_wconf 73' lang='lat' dir='ltr'>bonitate</span> <span class='ocrx_word' id='word_1_102' title='bbox 562 2232 596 2285; x_wconf 92' lang='lat' dir='ltr'>et</span> <span class='ocrx_word' id='word_1_103' title='bbox 626 2221 770 2284; x_wconf 78' lang='lat' dir='ltr'>amicitia</span> <span class='ocrx_word' id='word_1_104' title='bbox 800 2228 923 2298; x_wconf 73' lang='lat' dir='ltr'>nostra,</span> <span class='ocrx_word' id='word_1_105' title='bbox 952 2241 1054 2302; x_wconf 86' lang='lat' dir='ltr'>saepe</span> <span class='ocrx_word' id='word_1_106' title='bbox 1085 2220 1243 2283; x_wconf 75' lang='lat' dir='ltr'>restitisti.</span> 
     </span>
     <span class='ocr_line' id='line_1_17' title="bbox 195 2332 1245 2416; baseline -0.004 -18"><span class='ocrx_word' id='word_1_107' title='bbox 195 2336 286 2398; x_wconf 83' lang='lat' dir='ltr'>Nota</span> <span class='ocrx_word' id='word_1_108' title='bbox 302 2334 390 2398; x_wconf 91' lang='lat' dir='ltr'>enim</span> <span class='ocrx_word' id='word_1_109' title='bbox 412 2335 493 2397; x_wconf 90' lang='lat' dir='ltr'>mihi</span> <span class='ocrx_word' id='word_1_110' title='bbox 514 2344 592 2398; x_wconf 91' lang='lat' dir='ltr'>sunt</span> <span class='ocrx_word' id='word_1_111' title='bbox 613 2355 699 2416; x_wconf 89' lang='lat' dir='ltr'>quae</span> <span class='ocrx_word' id='word_1_112' title='bbox 721 2334 755 2396; x_wconf 92' lang='lat' dir='ltr'>in</span> <span class='ocrx_word' id='word_1_113' title='bbox 772 2341 825 2396; x_wconf 77' lang='lat' dir='ltr'>me</span> <span class='ocrx_word' id='word_1_114' title='bbox 841 2343 918 2415; x_wconf 91' lang='lat' dir='ltr'>post</span> <span class='ocrx_word' id='word_1_115' title='bbox 935 2332 1088 2398; x_wconf 82' lang='lat' dir='ltr'>Caesaris</span> <span class='ocrx_word' id='word_1_116' title='bbox 1104 2342 1245 2395; x_wconf 90' lang='lat' dir='ltr'>mortem</span> 
     </span>
     <span class='ocr_line' id='line_1_18' title="bbox 193 2445 1245 2529; baseline -0.005 -18"><span class='ocrx_word' id='word_1_117' title='bbox 193 2447 402 2511; x_wconf 86' lang='lat' dir='ltr'>contulerint.</span> <span class='ocrx_word' id='word_1_118' title='bbox 464 2447 555 2511; x_wconf 78' lang='lat' dir='ltr'>Vitio</span> <span class='ocrx_word' id='word_1_119' title='bbox 585 2447 667 2509; x_wconf 89' lang='lat' dir='ltr'>mihi</span> <span class='ocrx_word' id='word_1_120' title='bbox 697 2447 779 2509; x_wconf 93' lang='lat' dir='ltr'>dant</span> <span class='ocrx_word' id='word_1_121' title='bbox 809 2446 898 2529; x_wconf 92' lang='lat' dir='ltr'>quod</span> <span class='ocrx_word' id='word_1_122' title='bbox 930 2455 1071 2508; x_wconf 90' lang='lat' dir='ltr'>mortem</span> <span class='ocrx_word' id='word_1_123' title='bbox 1102 2445 1245 2507; x_wconf 91' lang='lat' dir='ltr'>hominis</span> 
     </span>
     <span class='ocr_line' id='line_1_19' title="bbox 194 2558 1245 2642; baseline -0.004 -20"><span class='ocrx_word' id='word_1_124' title='bbox 194 2560 373 2623; x_wconf 74' lang='lat' dir='ltr'>necessarii</span> <span class='ocrx_word' id='word_1_125' title='bbox 395 2559 541 2641; x_wconf 88' lang='lat' dir='ltr'>graviter</span> <span class='ocrx_word' id='word_1_126' title='bbox 563 2560 636 2622; x_wconf 79' lang='lat' dir='ltr'>fero</span> <span class='ocrx_word' id='word_1_127' title='bbox 657 2569 758 2642; x_wconf 89' lang='lat' dir='ltr'>atque</span> <span class='ocrx_word' id='word_1_128' title='bbox 780 2579 856 2622; x_wconf 91' lang='lat' dir='ltr'>eum</span> <span class='ocrx_word' id='word_1_129' title='bbox 878 2578 977 2640; x_wconf 92' lang='lat' dir='ltr'>quem</span> <span class='ocrx_word' id='word_1_130' title='bbox 999 2558 1097 2620; x_wconf 79' lang='lat' dir='ltr'>dilexi</span> <span class='ocrx_word' id='word_1_131' title='bbox 1119 2567 1245 2639; x_wconf 80' lang='lat' dir='ltr'>perisse</span> 
     </span>
     <span class='ocr_line' id='line_1_20' title="bbox 193 2669 1244 2754; baseline -0.003 -20"><span class='ocrx_word' id='word_1_132' title='bbox 193 2671 366 2753; x_wconf 80' lang='lat' dir='ltr'>indign0r;</span> <span class='ocrx_word' id='word_1_133' title='bbox 391 2673 484 2734; x_wconf 71' lang='lat' dir='ltr'>aiunt</span> <span class='ocrx_word' id='word_1_134' title='bbox 507 2673 596 2734; x_wconf 89' lang='lat' dir='ltr'>enim</span> <span class='ocrx_word' id='word_1_135' title='bbox 620 2671 762 2754; x_wconf 91' lang='lat' dir='ltr'>patriam</span> <span class='ocrx_word' id='word_1_136' title='bbox 777 2670 950 2733; x_wconf 69' lang='lat' dir='ltr'>&#39;amicitiae</span> <span class='ocrx_word' id='word_1_137' title='bbox 972 2669 1244 2752; x_wconf 83' lang='lat' dir='ltr'>praeponendam</span> 
     </span>
     <span class='ocr_line' id='line_1_21' title="bbox 194 2782 1244 2866; baseline -0.003 -19"><span class='ocrx_word' id='word_1_138' title='bbox 194 2804 276 2860; x_wconf 86' lang='lat' dir='ltr'>esse,</span> <span class='ocrx_word' id='word_1_139' title='bbox 296 2785 434 2866; x_wconf 90' lang='lat' dir='ltr'>proinde</span> <span class='ocrx_word' id='word_1_140' title='bbox 451 2805 490 2848; x_wconf 91' lang='lat' dir='ltr'>ac</span> <span class='ocrx_word' id='word_1_141' title='bbox 507 2794 535 2847; x_wconf 84' lang='lat' dir='ltr'>si</span> <span class='ocrx_word' id='word_1_142' title='bbox 550 2785 616 2846; x_wconf 93' lang='lat' dir='ltr'>iarn</span> <span class='ocrx_word' id='word_1_143' title='bbox 632 2784 771 2848; x_wconf 84' lang='lat' dir='ltr'>vicerint</span> <span class='ocrx_word' id='word_1_144' title='bbox 788 2783 912 2848; x_wconf 89' lang='lat' dir='ltr'>obitum</span> <span class='ocrx_word' id='word_1_145' title='bbox 931 2783 1002 2845; x_wconf 80' lang='lat' dir='ltr'>eius</span> <span class='ocrx_word' id='word_1_146' title='bbox 1023 2793 1071 2844; x_wconf 82' lang='lat' dir='ltr'>rei</span> <span class='ocrx_word' id='word_1_147' title='bbox 1091 2782 1244 2863; x_wconf 79' lang='lat' dir='ltr'>publicae</span> 
     </span>
     <span class='ocr_line' id='line_1_22' title="bbox 193 2895 1244 2978; baseline -0.002 -20"><span class='ocrx_word' id='word_1_148' title='bbox 193 2897 298 2959; x_wconf 81' lang='lat' dir='ltr'>fuisse</span> <span class='ocrx_word' id='word_1_149' title='bbox 322 2898 444 2960; x_wconf 79' lang='lat' dir='ltr'>utilem.</span> <span class='ocrx_word' id='word_1_150' title='bbox 502 2897 570 2960; x_wconf 89' lang='lat' dir='ltr'>Sed</span> <span class='ocrx_word' id='word_1_151' title='bbox 593 2906 660 2960; x_wconf 81' lang='lat' dir='ltr'>non</span> <span class='ocrx_word' id='word_1_152' title='bbox 683 2918 780 2978; x_wconf 85' lang='lat' dir='ltr'>agam</span> <span class='ocrx_word' id='word_1_153' title='bbox 806 2903 924 2960; x_wconf 77' lang='lat' dir='ltr'>astute.</span> <span class='ocrx_word' id='word_1_154' title='bbox 982 2897 1105 2958; x_wconf 87' lang='lat' dir='ltr'>Fateor</span> <span class='ocrx_word' id='word_1_155' title='bbox 1126 2902 1179 2956; x_wconf 78' lang='lat' dir='ltr'>me</span> <span class='ocrx_word' id='word_1_156' title='bbox 1202 2895 1244 2956; x_wconf 91' lang='lat' dir='ltr'>ad</span> 
     </span>
    </p>
   </div>
   <div class='ocr_carea' id='block_1_6' title="bbox 192 3080 1335 3814">
    <p class='ocr_par' dir='ltr' id='par_1_6' title="bbox 192 3080 1335 3644">
     <span class='ocr_line' id='line_1_23' title="bbox 237 3080 1244 3146; baseline -0.002 -16"><span class='ocrx_word' id='word_1_157' title='bbox 237 3083 280 3132; x_wconf 94' lang='lat' dir='ltr'>Ll.</span> <span class='ocrx_word' id='word_1_158' title='bbox 309 3084 416 3131; x_wconf 89' lang='lat' dir='ltr'>Written</span> <span class='ocrx_word' id='word_1_159' title='bbox 430 3090 456 3132; x_wconf 86' lang='lat' dir='ltr'>at</span> <span class='ocrx_word' id='word_1_160' title='bbox 471 3084 514 3132; x_wconf 92' lang='lat' dir='ltr'>the</span> <span class='ocrx_word' id='word_1_161' title='bbox 530 3085 580 3133; x_wconf 89' lang='lat' dir='ltr'>end</span> <span class='ocrx_word' id='word_1_162' title='bbox 596 3084 625 3132; x_wconf 86' lang='lat' dir='ltr'>of</span> <span class='ocrx_word' id='word_1_163' title='bbox 637 3085 706 3146; x_wconf 86' lang='lat' dir='ltr'>Aug·</span> <span class='ocrx_word' id='word_1_164' title='bbox 735 3097 772 3145; x_wconf 84' lang='lat'>14.</span> <span class='ocrx_word' id='word_1_165' title='bbox 792 3081 968 3134; x_wconf 82' lang='lat' dir='ltr'>contulerint:</span> <span class='ocrx_word' id='word_1_166' title='bbox 995 3082 1038 3130; x_wconf 89' lang='lat' dir='ltr'>the</span> <span class='ocrx_word' id='word_1_167' title='bbox 1058 3080 1121 3143; x_wconf 88' lang='lat' dir='ltr'>subj.</span> <span class='ocrx_word' id='word_1_168' title='bbox 1142 3081 1162 3128; x_wconf 91' lang='lat' dir='ltr'>is</span> <span class='ocrx_word' id='word_1_169' title='bbox 1182 3081 1244 3128; x_wconf 90' lang='lat' dir='ltr'>used</span> 
     </span>
     <span class='ocr_line' id='line_1_24' title="bbox 193 3163 1244 3228; baseline -0.003 -15"><span class='ocrx_word' id='word_1_170' title='bbox 193 3173 343 3226; x_wconf 82' lang='lat' dir='ltr'>ust‚4413.c.</span> <span class='ocrx_word' id='word_1_171' title='bbox 377 3167 465 3214; x_wconf 84' lang='lat' dir='ltr'>Cicero</span> <span class='ocrx_word' id='word_1_172' title='bbox 481 3167 531 3215; x_wconf 85' lang='lat' dir='ltr'>had</span> <span class='ocrx_word' id='word_1_173' title='bbox 547 3167 625 3215; x_wconf 91' lang='lat' dir='ltr'>heard</span> <span class='ocrx_word' id='word_1_174' title='bbox 642 3167 704 3215; x_wconf 88' lang='lat' dir='ltr'>lrom</span> <span class='ocrx_word' id='word_1_175' title='bbox 732 3182 759 3214; x_wconf 88' lang='lat' dir='ltr'>as</span> <span class='ocrx_word' id='word_1_176' title='bbox 789 3167 811 3214; x_wconf 87' lang='lat' dir='ltr'>if</span> <span class='ocrx_word' id='word_1_177' title='bbox 839 3167 865 3214; x_wconf 91' lang='lat' dir='ltr'>in</span> <span class='ocrx_word' id='word_1_178' title='bbox 895 3182 928 3214; x_wconf 90' lang='lat' dir='ltr'>an</span> <span class='ocrx_word' id='word_1_179' title='bbox 958 3165 1010 3214; x_wconf 88' lang='lat' dir='ltr'>ind.</span> <span class='ocrx_word' id='word_1_180' title='bbox 1040 3164 1155 3228; x_wconf 88' lang='lat' dir='ltr'>question</span> <span class='ocrx_word' id='word_1_181' title='bbox 1183 3163 1244 3211; x_wconf 91' lang='lat' dir='ltr'>with</span> 
     </span>
     <span class='ocr_line' id='line_1_25' title="bbox 192 3246 1243 3314; baseline -0.001 -20"><span class='ocrx_word' id='word_1_182' title='bbox 192 3248 323 3296; x_wconf 84' lang='lat' dir='ltr'>Trebatius</span> <span class='ocrx_word' id='word_1_183' title='bbox 348 3250 402 3298; x_wconf 87' lang='lat' dir='ltr'>that</span> <span class='ocrx_word' id='word_1_184' title='bbox 428 3250 521 3298; x_wconf 88' lang='lat' dir='ltr'>Matius</span> <span class='ocrx_word' id='word_1_185' title='bbox 547 3250 705 3314; x_wconf 82' lang='lat' dir='ltr'>conrplained</span> <span class='ocrx_word' id='word_1_186' title='bbox 732 3256 818 3298; x_wconf 84' lang='lat' dir='ltr'>notum</span> <span class='ocrx_word' id='word_1_187' title='bbox 839 3256 889 3305; x_wconf 85' lang='lat' dir='ltr'>est,·</span> <span class='ocrx_word' id='word_1_188' title='bbox 910 3249 970 3296; x_wconf 89' lang='lat' dir='ltr'>with</span> <span class='ocrx_word' id='word_1_189' title='bbox 988 3248 1031 3296; x_wconf 87' lang='lat' dir='ltr'>the</span> <span class='ocrx_word' id='word_1_190' title='bbox 1051 3246 1167 3311; x_wconf 88' lang='lat' dir='ltr'>personal</span> <span class='ocrx_word' id='word_1_191' title='bbox 1185 3262 1243 3294; x_wconf 89' lang='lat' dir='ltr'>con·</span> 
     </span>
     <span class='ocr_line' id='line_1_26' title="bbox 193 3329 1244 3395; baseline -0.001 -18"><span class='ocrx_word' id='word_1_192' title='bbox 193 3331 247 3378; x_wconf 88' lang='lat' dir='ltr'>that</span> <span class='ocrx_word' id='word_1_193' title='bbox 267 3331 300 3378; x_wconf 93' lang='lat' dir='ltr'>he</span> <span class='ocrx_word' id='word_1_194' title='bbox 323 3332 373 3380; x_wconf 91' lang='lat' dir='ltr'>had</span> <span class='ocrx_word' id='word_1_195' title='bbox 394 3332 501 3394; x_wconf 89' lang='lat' dir='ltr'>unjustly</span> <span class='ocrx_word' id='word_1_196' title='bbox 518 3333 642 3381; x_wconf 86' lang='lat' dir='ltr'>criticised</span> <span class='ocrx_word' id='word_1_197' title='bbox 663 3333 705 3380; x_wconf 89' lang='lat' dir='ltr'>the</span> <span class='ocrx_word' id='word_1_198' title='bbox 731 3332 851 3380; x_wconf 84' lang='lat' dir='ltr'>struction</span> <span class='ocrx_word' id='word_1_199' title='bbox 874 3331 945 3395; x_wconf 82' lang='lat' dir='ltr'>(nola</span> <span class='ocrx_word' id='word_1_200' title='bbox 968 3330 1040 3392; x_wconf 83' lang='lat' dir='ltr'>sunt)</span> <span class='ocrx_word' id='word_1_201' title='bbox 1067 3346 1131 3394; x_wconf 83' lang='lat' dir='ltr'>quae</span> <span class='ocrx_word' id='word_1_202' title='bbox 1155 3330 1176 3376; x_wconf 91' lang='lat' dir='ltr'>is</span> <span class='ocrx_word' id='word_1_203' title='bbox 1201 3329 1244 3376; x_wconf 90' lang='lat' dir='ltr'>the</span> 
     </span>
     <span class='ocr_line' id='line_1_27' title="bbox 193 3413 1243 3475; baseline -0.001 -15"><span class='ocrx_word' id='word_1_204' title='bbox 193 3414 299 3462; x_wconf 88' lang='lat' dir='ltr'>attitude</span> <span class='ocrx_word' id='word_1_205' title='bbox 309 3415 351 3461; x_wconf 90' lang='lat' dir='ltr'>the</span> <span class='ocrx_word' id='word_1_206' title='bbox 361 3414 433 3462; x_wconf 90' lang='lat' dir='ltr'>latter</span> <span class='ocrx_word' id='word_1_207' title='bbox 444 3415 598 3463; x_wconf 85' lang='lat' dir='ltr'>maintained</span> <span class='ocrx_word' id='word_1_208' title='bbox 611 3417 705 3463; x_wconf 86' lang='lat' dir='ltr'>toward</span> <span class='ocrx_word' id='word_1_209' title='bbox 731 3415 840 3473; x_wconf 86' lang='lat' dir='ltr'>relative,</span> <span class='ocrx_word' id='word_1_210' title='bbox 861 3421 905 3462; x_wconf 89' lang='lat' dir='ltr'>not</span> <span class='ocrx_word' id='word_1_211' title='bbox 925 3414 967 3461; x_wconf 90' lang='lat' dir='ltr'>the</span> <span class='ocrx_word' id='word_1_212' title='bbox 988 3413 1172 3475; x_wconf 88' lang='lat' dir='ltr'>interrogative,</span> <span class='ocrx_word' id='word_1_213' title='bbox 1193 3413 1243 3460; x_wconf 90' lang='lat' dir='ltr'>and</span> 
     </span>
     <span class='ocr_line' id='line_1_28' title="bbox 193 3494 1335 3558; baseline 0.002 -16"><span class='ocrx_word' id='word_1_214' title='bbox 193 3496 236 3542; x_wconf 92' lang='lat' dir='ltr'>the</span> <span class='ocrx_word' id='word_1_215' title='bbox 257 3498 396 3545; x_wconf 87' lang='lat' dir='ltr'>murderers</span> <span class='ocrx_word' id='word_1_216' title='bbox 416 3497 444 3544; x_wconf 90' lang='lat' dir='ltr'>of</span> <span class='ocrx_word' id='word_1_217' title='bbox 465 3498 563 3556; x_wconf 85' lang='lat' dir='ltr'>Caesar,</span> <span class='ocrx_word' id='word_1_218' title='bbox 584 3499 634 3546; x_wconf 80' lang='lat' dir='ltr'>ancl</span> <span class='ocrx_word' id='word_1_219' title='bbox 655 3498 704 3546; x_wconf 90' lang='lat' dir='ltr'>had</span> <span class='ocrx_word' id='word_1_220' title='bbox 731 3499 773 3546; x_wconf 90' lang='lat' dir='ltr'>the</span> <span class='ocrx_word' id='word_1_221' title='bbox 792 3499 842 3546; x_wconf 91' lang='lat' dir='ltr'>ind.</span> <span class='ocrx_word' id='word_1_222' title='bbox 859 3497 941 3545; x_wconf 89' lang='lat' dir='ltr'>would</span> <span class='ocrx_word' id='word_1_223' title='bbox 957 3497 989 3544; x_wconf 87' lang='lat' dir='ltr'>be</span> <span class='ocrx_word' id='word_1_224' title='bbox 1006 3494 1243 3558; x_wconf 63' lang='lat' dir='ltr'>regnan-nant,</span> <span class='ocrx_word' id='word_1_225' title='bbox 1333 3514 1335 3517; x_wconf 88' lang='lat'>·</span> 
     </span>
     <span class='ocr_line' id='line_1_29' title="bbox 194 3576 1243 3644; baseline 0.001 -19"><span class='ocrx_word' id='word_1_226' title='bbox 194 3579 290 3626; x_wconf 85' lang='lat' dir='ltr'>written</span> <span class='ocrx_word' id='word_1_227' title='bbox 304 3588 329 3628; x_wconf 94' lang='lat' dir='ltr'>to</span> <span class='ocrx_word' id='word_1_228' title='bbox 342 3581 435 3628; x_wconf 85' lang='lat' dir='ltr'>Matius</span> <span class='ocrx_word' id='word_1_229' title='bbox 447 3587 473 3628; x_wconf 91' lang='lat' dir='ltr'>to</span> <span class='ocrx_word' id='word_1_230' title='bbox 487 3581 581 3630; x_wconf 87' lang='lat' dir='ltr'>defend</span> <span class='ocrx_word' id='word_1_231' title='bbox 595 3581 701 3628; x_wconf 80' lang='lat' dir='ltr'>himself.</span> <span class='ocrx_word' id='word_1_232' title='bbox 733 3583 834 3642; x_wconf 72' lang='lat' dir='ltr'>impure.</span> <span class='ocrx_word' id='word_1_233' title='bbox 873 3594 909 3644; x_wconf 90' lang='lat'>17.</span> <span class='ocrx_word' id='word_1_234' title='bbox 926 3578 1038 3644; x_wconf 85' lang='lat' dir='ltr'>proinde</span> <span class='ocrx_word' id='word_1_235' title='bbox 1053 3615 1058 3627; x_wconf 94' lang='lat'><strong>.</strong></span> <span class='ocrx_word' id='word_1_236' title='bbox 1077 3615 1082 3627; x_wconf 88' lang='lat'><em>.</em></span> <span class='ocrx_word' id='word_1_237' title='bbox 1100 3615 1105 3627; x_wconf 89' lang='lat'>.</span> <span class='ocrx_word' id='word_1_238' title='bbox 1120 3576 1243 3635; x_wconf 79' lang='lat' dir='ltr'>vicerint,</span> 
     </span>
    </p>

    <p class='ocr_par' dir='ltr' id='par_1_7' title="bbox 192 3661 1243 3814">
     <span class='ocr_line' id='line_1_30' title="bbox 192 3661 1243 3729; baseline -0.001 -20"><span class='ocrx_word' id='word_1_239' title='bbox 192 3662 253 3709; x_wconf 85' lang='lat' dir='ltr'>This</span> <span class='ocrx_word' id='word_1_240' title='bbox 265 3663 286 3710; x_wconf 90' lang='lat' dir='ltr'>is</span> <span class='ocrx_word' id='word_1_241' title='bbox 301 3663 401 3710; x_wconf 88' lang='lat' dir='ltr'>Matius’</span> <span class='ocrx_word' id='word_1_242' title='bbox 414 3663 490 3726; x_wconf 88' lang='lat' dir='ltr'>reply.</span> <span class='ocrx_word' id='word_1_243' title='bbox 524 3677 547 3724; x_wconf 91' lang='lat'>9.</span> <span class='ocrx_word' id='word_1_244' title='bbox 564 3675 705 3728; x_wconf 86' lang='lat' dir='ltr'>propensa,</span> <span class='ocrx_word' id='word_1_245' title='bbox 729 3663 788 3728; x_wconf 80' lang='lat' dir='ltr'>just</span> <span class='ocrx_word' id='word_1_246' title='bbox 806 3679 833 3710; x_wconf 88' lang='lat' dir='ltr'>as</span> <span class='ocrx_word' id='word_1_247' title='bbox 857 3663 954 3729; x_wconf 83' lang='lat' dir='ltr'>istlrey</span> <span class='ocrx_word' id='word_1_248' title='bbox 972 3661 1027 3710; x_wconf 69' lang='lat' dir='ltr'>aad</span> <span class='ocrx_word' id='word_1_249' title='bbox 1046 3661 1125 3723; x_wconf 81' lang='lat' dir='ltr'>really</span> <span class='ocrx_word' id='word_1_250' title='bbox 1144 3661 1243 3708; x_wconf 80' lang='lat' dir='ltr'>demon-</span> 
     </span>
     <span class='ocr_line' id='line_1_31' title="bbox 193 3744 1242 3814; baseline -0.002 -21"><span class='ocrx_word' id='word_1_251' title='bbox 193 3752 364 3808; x_wconf 83' lang='lat' dir='ltr'>sponlaneous.</span> <span class='ocrx_word' id='word_1_252' title='bbox 418 3759 454 3794; x_wconf 85' lang='lat'>11.</span> <span class='ocrx_word' id='word_1_253' title='bbox 483 3759 540 3810; x_wconf 85' lang='lat' dir='ltr'>par,</span> <span class='ocrx_word' id='word_1_254' title='bbox 562 3747 606 3814; x_wconf 80' lang='lat' dir='ltr'>fit,</span> <span class='ocrx_word' id='word_1_255' title='bbox 635 3754 702 3795; x_wconf 80' lang='lat' dir='ltr'>meet.</span> <span class='ocrx_word' id='word_1_256' title='bbox 732 3745 831 3794; x_wconf 79' lang='lat' dir='ltr'>strated.</span> <span class='ocrx_word' id='word_1_257' title='bbox 870 3745 907 3793; x_wconf 88' lang='lat'>18.</span> <span class='ocrx_word' id='word_1_258' title='bbox 924 3757 1005 3808; x_wconf 81' lang='lat' dir='ltr'>agam</span> <span class='ocrx_word' id='word_1_259' title='bbox 1023 3745 1123 3802; x_wconf 83' lang='lat' dir='ltr'>astute,</span> <span class='ocrx_word' id='word_1_260' title='bbox 1139 3744 1242 3810; x_wconf 82' lang='lat' dir='ltr'>quibble.</span> 
     </span>
    </p>
   </div>
   <div class='ocr_carea' id='block_1_7' title="bbox 0 0 1499 4162">
    <p class='ocr_par' dir='ltr' id='par_1_8' title="bbox 0 0 1499 4162">
     <span class='ocr_line' id='line_1_32' title="bbox 0 0 1499 4162; baseline 0 0"><span class='ocrx_word' id='word_1_261' title='bbox 0 0 1499 4162; x_wconf 95' lang='lat' dir='ltr'> </span> 
     </span>
    </p>
   </div>
  </div>
 </body>
</html>
