2988 4160
254 269 299 361 96
507 291 829 344 oonnusrouuuucu
851 292 897 342 on
918 250 1071 342 metina

255 465 356 529 istum
372 465 513 547 gradum
532 464 716 548 sapientiae
737 473 804 529 nen
825 465 1025 548 pervenisse.
1075 466 1195 548 Neque
1216 464 1304 528 enim

204 605 233 638 ω
257 578 436 643 Caesarem
451 577 486 640 in
501 574 707 641 dissensiene
722 578 811 642 civili
825 598 899 640 sum
916 585 1057 653 secetus,
1076 577 1133 640 sed
1151 585 1303 652 amicum,

206 747 208 756 .
257 710 459 772 quamquam
489 697 525 752 re
555 689 762 766 offendebat,
794 699 906 752 tamen
937 697 1004 752 nen
1035 689 1167 752 deserui
1195 708 1305 770 neque

256 802 380 865 bellurn
406 821 564 884 umquam
591 802 686 865 civile
712 811 770 865 aut
796 801 895 864 etiam
922 822 1057 865 causam
1088 800 1305 864 dissensir'mis

257 913 402 995 probevi,
427 934 528 996 quam
554 913 655 977 etiam
681 921 875 977 nascentem
900 913 1065 994 exstingui
1088 919 1216 975 summe
1241 921 1306 975 stu-

257 1025 321 1087 dui.
370 1026 487 1108 Itaque
500 1025 534 1088 in
546 1025 683 1089 victerie
699 1025 843 1089 hominis
855 1025 1035 1089 necesserii
1046 1044 1155 1107 neque
1171 1023 1305 1088 honeris

205 1159 232 1205 25
257 1156 365 1219 neque
386 1137 547 1219 pecuniae
568 1137 744 1201 dulcedine
765 1158 838 1201 sum
859 1147 987 1220 captuS,
1008 1137 1128 1219 quibus
1149 1135 1305 1220 praemiis

257 1247 382 1330 reliqui,
400 1249 510 1312 minus
525 1250 615 1333 apud
631 1269 707 1312 eum
725 1269 826 1332 quam
847 1269 911 1332 ego
932 1269 1008 1312 cum
1029 1258 1176 1331 possent,
1193 1247 1306 1311 immo

257 1360 372 1422 derete
387 1371 464 1424 sunt
479 1361 583 1425 abrisi.
630 1363 745 1444 Atque
761 1361 862 1426 etiam
877 1369 930 1424 res
949 1361 1121 1425 familieris
1140 1381 1215 1424 mea
1230 1361 1305 1441 lege

258 1472 411 1537 Caesaris
426 1473 597 1538 demineta
612 1484 672 1550 est,
690 1473 784 1537 criius
804 1474 967 1537 beneficii)
986 1474 1135 1556 plerique
1154 1483 1211 1556 qui
1226 1473 1306 1537 Cae-

258 1584 340 1646 saris
362 1595 467 1648 morte
488 1587 653 1650 laetantur
674 1593 905 1650 remanserunt
925 1587 958 1648 in
980 1585 1121 1649 civitete.
1169 1584 1305 1650 Civibus

204 1726 234 1771 30
256 1695 353 1759 victis
376 1707 413 1760 ut
436 1707 626 1780 parceretur
649 1707 754 1782 aeque
777 1719 816 1762 ac
840 1707 901 1780 pre
924 1705 998 1761 mee
1021 1699 1128 1760 salute
1148 1697 1302 1760 laberevi.

259 1808 398 1872 Possum
414 1810 521 1891 igitur,
540 1821 596 1893 qui
611 1821 718 1874 omnis
733 1811 894 1874 voluerim
911 1810 1093 1886 incolumis,
1111 1830 1186 1873 eum
1203 1816 1223 1872 e
1239 1817 1305 1891 que

256 2032 345 2095 idem
361 2034 511 2097 homines
527 2035 574 2097 illi
589 2045 622 2098 et
638 2035 780 2099 invidiae
797 2045 832 2098 et
850 2035 949 2098 exitii>
969 2034 1117 2098 fuerint?
1164 2034 1305 2096 ‘Plecte-

257 2145 301 2207 ris
318 2148 417 2227 erg6,’
434 2146 596 2229 inquiunt,
616 2147 791 2230 ‘quoniam
807 2147 934 2211 factum
950 2156 1101 2210 nostrum
1117 2145 1304 2227 improbere

204 2283 232 2330 as
257 2261 379 2324 audes'
426 2245 456 2324 O
479 2259 668 2341 superbiam
691 2259 882 2336 inauditam,
905 2259 987 2322 alios
1009 2261 1043 2322 in
1066 2258 1215 2322 facinore
1238 2258 1306 2339 gle

255 2374 341 2449 rieri,
362 2373 432 2435 aliis
453 2379 496 2434 ne
517 2371 628 2434 dolere
649 2372 784 2454 quidem
804 2372 968 2455 impenite
988 2371 1104 2436 licere!
1150 2371 1200 2434 At
1220 2371 1304 2434 haec

256 2486 355 2549 etiam
377 2494 480 2547 servis
502 2503 636 2565 semper
656 2484 759 2548 libera
779 2485 924 2562 fuerunt,
942 2494 979 2548 ut
998 2485 1163 2560 timerent,
1184 2483 1305 2566 gaude-

255 2607 338 2673 rent,
364 2597 514 2660 dolerent
540 2604 600 2659 sue
625 2597 736 2678 potius
763 2618 862 2680 quam
888 2598 1023 2661 alterius
1048 2596 1192 2672 arbitrii),
1219 2615 1304 2679 quae

254 2730 352 2785 nunc,
377 2718 414 2771 ut
436 2708 570 2791 quidem
593 2708 648 2773 isti
669 2709 823 2773 dictitant
845 2710 1006 2773 libertetis
1029 2717 1190 2784 aucteres,
1212 2715 1303 2771 metu

201 2854 231 2898 40
254 2822 350 2885 nebis
373 2827 567 2903 extorquere
591 2829 763 2884 cenentur.
811 2822 879 2886 Sed
902 2821 985 2884 nihil
1007 2831 1121 2903 agunt.
1170 2820 1304 2883 Nellius

254 2954 412 3017 umquam
428 2933 567 3015 periculi
581 2933 761 2997 terreribus
777 2933 819 2997 ab
836 2933 945 2996 officie
960 2943 1017 2996 aut
1033 2933 1075 2996 ab
1097 2933 1303 2996 hirmenitete

258 3163 293 3212 19.
316 3149 436 3215 gradum,
458 3149 548 3214 height.
601 3162 641 3199 21.
666 3163 702 3210 re,
727 3150 767 3200 his
793 3150 924 3215 conspired
944 3157 971 3198 to
993 3150 1093 3199 murder
1112 3148 1165 3197 him
1185 3147 1300 3212 (exitio).

254 3234 345 3282 action.
406 3246 445 3296 23.
485 3245 599 3292 summe,
637 3234 762 3296 zealously.
791 3232 969 3291 -Plecteris‚
981 3249 1034 3296 you
1048 3233 1115 3280 shall
1124 3238 1207 3280 smart
1214 3232 1261 3297 for
1274 3233 1300 3280 it.

255 3328 293 3380 27.
320 3316 396 3380 lege:
425 3316 475 3365 this
501 3316 631 3378 regulated
656 3317 699 3365 the
729 3317 765 3364 in·
792 3317 830 3379 36.
843 3314 1140 3380 impunite‚=impune.
1169 3327 1208 3377 39.
1223 3314 1303 3364 ut...

253 3405 377 3447 vestment
394 3397 423 3446 of
437 3398 536 3462 capital.
571 3397 611 3447 28.
628 3397 712 3457 cuiue,
728 3414 763 3447 sc.
791 3397 929 3456 dictitant,
947 3405 970 3446 to
982 3398 1063 3462 judge
1076 3399 1148 3463 from
1166 3397 1236 3444 what
1249 3395 1304 3458 they

253 3481 321 3544 legis.
366 3493 405 3544 33.
431 3479 482 3539 illi,
505 3481 545 3530 ie.
572 3482 679 3529 Caesari
686 3498 697 3537 ,¹
722 3481 764 3530 the
791 3481 970 3545 sapt-metu,
984 3481 1170 3529 intimidatr'on.
1206 3493 1246 3540 40.
1263 3477 1304 3528 ni·

253 3579 311 3626 very
328 3578 387 3612 men
403 3563 487 3611 whose
506 3569 640 3612 treatment
658 3570 684 3611 at
702 3563 764 3612 Cae·
790 3563 831 3614 hil
847 3564 941 3628 agunt,
959 3565 1013 3627 they
1030 3565 1097 3630 effect
1112 3563 1223 3626 nothing,
1242 3563 1264 3610 it
1282 3562 1304 3610 is

253 3647 314 3695 sar’s
329 3647 410 3695 hands
425 3645 476 3694 had
492 3647 566 3694 made
581 3645 634 3693 him
650 3662 764 3711 unpopu·
790 3647 822 3712 of
843 3663 875 3694 no
900 3663 947 3694 use.
998 3660 1038 3708 41.
1063 3647 1097 3696 ab
1121 3683 1127 3694 .
1154 3681 1160 3694 .
1186 3680 1192 3693 .
1218 3642 1304 3695 desci-

253 3727 357 3778 larwith
368 3728 408 3777 his
419 3743 475 3776 own
485 3727 607 3776 followers
619 3728 765 3792 (invidiae)
790 3740 873 3788 scam,
900 3744 993 3776 noerve
1014 3731 1087 3794 fiom
1116 3729 1154 3777 the
1176 3727 1240 3792 path
1268 3727 1302 3794 os.
