<?xml version="1.0" encoding="UTF-8"?>
<!DOCTYPE html PUBLIC "-//W3C//DTD XHTML 1.0 Transitional//EN"
    "http://www.w3.org/TR/xhtml1/DTD/xhtml1-transitional.dtd">
<html xmlns="http://www.w3.org/1999/xhtml" xml:lang="en" lang="en">
 <head>
  <title>
</title>
<meta http-equiv="Content-Type" content="text/html;charset=utf-8" />
  <meta name='ocr-system' content='tesseract 3.04.00' />
  <meta name='ocr-capabilities' content='ocr_page ocr_carea ocr_par ocr_line ocrx_word'/>
</head>
<body>
  <div class='ocr_page' id='page_1' title='image "./selectionsfromc04cicegoog_0070.png"; bbox 0 0 2988 4160; ppageno 0'>
   <div class='ocr_carea' id='block_1_1' title="bbox 503 275 1250 352">
    <p class='ocr_par' dir='ltr' id='par_1_1' title="bbox 503 275 1250 352">
     <span class='ocr_line' id='line_1_1' title="bbox 503 275 1250 352; baseline 0.005 -20"><span class='ocrx_word' id='word_1_1' title='bbox 503 284 631 333; x_wconf 74' lang='lat' dir='ltr'><strong>cronno</strong></span> <span class='ocrx_word' id='word_1_2' title='bbox 653 283 696 332; x_wconf 78' lang='lat' dir='ltr'><strong>ns</strong></span> <span class='ocrx_word' id='word_1_3' title='bbox 718 283 768 331; x_wconf 86' lang='lat' dir='ltr'><strong>AN</strong></span> <span class='ocrx_word' id='word_1_4' title='bbox 791 283 948 333; x_wconf 77' lang='lat' dir='ltr'><strong>sercunn.</strong></span> <span class='ocrx_word' id='word_1_5' title='bbox 1209 275 1250 352; x_wconf 86' lang='lat'><strong>63</strong></span> 
     </span>
    </p>
   </div>
   <div class='ocr_carea' id='block_1_2' title="bbox 201 443 1307 1886">
    <p class='ocr_par' dir='ltr' id='par_1_2' title="bbox 201 443 1307 1886">
     <span class='ocr_line' id='line_1_2' title="bbox 201 443 1251 542; baseline 0.001 -21"><span class='ocrx_word' id='word_1_6' title='bbox 201 457 401 542; x_wconf 79' lang='lat' dir='ltr'><strong>perducitur.</strong></span> <span class='ocrx_word' id='word_1_7' title='bbox 454 457 516 520; x_wconf 88' lang='lat' dir='ltr'><strong>Illa</strong></span> <span class='ocrx_word' id='word_1_8' title='bbox 541 477 615 519; x_wconf 85' lang='lat' dir='ltr'><strong>mea</strong></span> <span class='ocrx_word' id='word_1_9' title='bbox 640 476 725 539; x_wconf 88' lang='lat' dir='ltr'><strong>quae</strong></span> <span class='ocrx_word' id='word_1_10' title='bbox 750 456 880 519; x_wconf 71' lang='lat' dir='ltr'><strong>solebas</strong></span> <span class='ocrx_word' id='word_1_11' title='bbox 905 463 1003 518; x_wconf 74' lang='lat' dir='ltr'><strong>antea</strong></span> <span class='ocrx_word' id='word_1_12' title='bbox 1028 457 1172 531; x_wconf 73' lang='lat' dir='ltr'><strong>laudare,</strong></span> <span class='ocrx_word' id='word_1_13' title='bbox 1201 443 1251 522; x_wconf 70' lang='lat' dir='ltr'><strong>‘O</strong></span> 
     </span>
     <span class='ocr_line' id='line_1_3' title="bbox 201 555 1305 651; baseline -0.003 -17"><span class='ocrx_word' id='word_1_14' title='bbox 201 571 369 634; x_wconf 89' lang='lat' dir='ltr'><strong>hominem</strong></span> <span class='ocrx_word' id='word_1_15' title='bbox 385 569 536 632; x_wconf 73' lang='lat' dir='ltr'><strong>facilem!</strong></span> <span class='ocrx_word' id='word_1_16' title='bbox 581 555 611 634; x_wconf 75' lang='grc' dir='ltr'>ὁ</span> <span class='ocrx_word' id='word_1_17' title='bbox 629 569 795 651; x_wconf 86' lang='lat' dir='ltr'>hospitem</span> <span class='ocrx_word' id='word_1_18' title='bbox 812 577 879 631; x_wconf 80' lang='lat' dir='ltr'><strong>non</strong></span> <span class='ocrx_word' id='word_1_19' title='bbox 896 589 1032 649; x_wconf 87' lang='lat' dir='ltr'><strong>gravem</strong></span> <span class='ocrx_word' id='word_1_20' title='bbox 1044 569 1069 632; x_wconf 84' lang='lat' dir='ltr'><strong>i&#39;</strong></span> <span class='ocrx_word' id='word_1_21' title='bbox 1088 569 1249 632; x_wconf 70' lang='lat' dir='ltr'><strong>abierunt.</strong></span> <span class='ocrx_word' id='word_1_22' title='bbox 1277 599 1305 631; x_wconf 92' lang='lat'><strong>10</strong></span> 
     </span>
     <span class='ocr_line' id='line_1_4' title="bbox 203 681 1251 762; baseline -0.002 -16"><span class='ocrx_word' id='word_1_23' title='bbox 203 685 291 746; x_wconf 87' lang='lat' dir='ltr'><strong>Nam</strong></span> <span class='ocrx_word' id='word_1_24' title='bbox 305 702 438 745; x_wconf 88' lang='lat' dir='ltr'><strong>omnem</strong></span> <span class='ocrx_word' id='word_1_25' title='bbox 455 691 603 744; x_wconf 87' lang='lat' dir='ltr'><strong>nostram</strong></span> <span class='ocrx_word' id='word_1_26' title='bbox 619 681 660 744; x_wconf 78' lang='lat' dir='ltr'><strong>de</strong></span> <span class='ocrx_word' id='word_1_27' title='bbox 677 689 712 743; x_wconf 73' lang='lat' dir='ltr'><strong>re</strong></span> <span class='ocrx_word' id='word_1_28' title='bbox 729 681 861 762; x_wconf 72' lang='lat' dir='ltr'><strong>publica</strong></span> <span class='ocrx_word' id='word_1_29' title='bbox 878 688 1001 756; x_wconf 79' lang='lat' dir='ltr'><strong>curam,</strong></span> <span class='ocrx_word' id='word_1_30' title='bbox 1016 681 1251 762; x_wconf 71' lang='lat' dir='ltr'><strong>cogitationem</strong></span> 
     </span>
     <span class='ocr_line' id='line_1_5' title="bbox 201 793 1252 870; baseline -0.002 -12"><span class='ocrx_word' id='word_1_31' title='bbox 201 796 242 858; x_wconf 78' lang='lat' dir='ltr'><strong>de</strong></span> <span class='ocrx_word' id='word_1_32' title='bbox 259 795 400 858; x_wconf 77' lang='lat' dir='ltr'><strong>dicenda</strong></span> <span class='ocrx_word' id='word_1_33' title='bbox 419 794 452 856; x_wconf 91' lang='lat' dir='ltr'><strong>in</strong></span> <span class='ocrx_word' id='word_1_34' title='bbox 473 801 591 856; x_wconf 73' lang='lat' dir='ltr'><strong>senatu</strong></span> <span class='ocrx_word' id='word_1_35' title='bbox 611 794 785 870; x_wconf 73' lang='lat' dir='ltr'><strong>sententia,</strong></span> <span class='ocrx_word' id='word_1_36' title='bbox 804 793 1118 856; x_wconf 75' lang='lat' dir='ltr'><strong>commentationem</strong></span> <span class='ocrx_word' id='word_1_37' title='bbox 1140 802 1252 857; x_wconf 74' lang='lat' dir='ltr'><strong>causa-</strong></span> 
     </span>
     <span class='ocr_line' id='line_1_6' title="bbox 201 906 1252 987; baseline -0.002 -17"><span class='ocrx_word' id='word_1_38' title='bbox 201 928 274 970; x_wconf 91' lang='lat' dir='ltr'><strong>rum</strong></span> <span class='ocrx_word' id='word_1_39' title='bbox 290 907 470 970; x_wconf 76' lang='lat' dir='ltr'><strong>abiecimus</strong></span> <span class='ocrx_word' id='word_1_40' title='bbox 481 928 488 983; x_wconf 92' lang='lat'>;</span> <span class='ocrx_word' id='word_1_41' title='bbox 513 906 546 968; x_wconf 93' lang='lat' dir='ltr'><strong>in</strong></span> <span class='ocrx_word' id='word_1_42' title='bbox 570 906 707 987; x_wconf 80' lang='lat' dir='ltr'><strong>Epicuri</strong></span> <span class='ocrx_word' id='word_1_43' title='bbox 728 915 797 981; x_wconf 82' lang='lat' dir='ltr'><strong>nos,</strong></span> <span class='ocrx_word' id='word_1_44' title='bbox 821 906 990 968; x_wconf 74' lang='lat' dir='ltr'><strong>adversari</strong></span> <span class='ocrx_word' id='word_1_45' title='bbox 1010 915 1123 982; x_wconf 81' lang='lat' dir='ltr'>nostri,</span> <span class='ocrx_word' id='word_1_46' title='bbox 1143 916 1252 970; x_wconf 84' lang='lat' dir='ltr'><strong>castra</strong></span> 
     </span>
     <span class='ocr_line' id='line_1_7' title="bbox 201 1017 1251 1095; baseline -0.003 -12"><span class='ocrx_word' id='word_1_47' title='bbox 201 1019 411 1095; x_wconf 77' lang='lat' dir='ltr'><strong>coniecimus,</strong></span> <span class='ocrx_word' id='word_1_48' title='bbox 426 1039 487 1081; x_wconf 90' lang='lat' dir='ltr'><strong>nec</strong></span> <span class='ocrx_word' id='word_1_49' title='bbox 503 1029 616 1081; x_wconf 89' lang='lat' dir='ltr'><strong>tamen</strong></span> <span class='ocrx_word' id='word_1_50' title='bbox 633 1018 675 1080; x_wconf 86' lang='lat' dir='ltr'><strong>ad</strong></span> <span class='ocrx_word' id='word_1_51' title='bbox 692 1019 777 1081; x_wconf 87' lang='lat' dir='ltr'><strong>hanc</strong></span> <span class='ocrx_word' id='word_1_52' title='bbox 793 1017 1014 1094; x_wconf 79' lang='lat' dir='ltr'>insolentiam,</span> <span class='ocrx_word' id='word_1_53' title='bbox 1029 1018 1087 1081; x_wconf 88' lang='lat' dir='ltr'><strong>scd</strong></span> <span class='ocrx_word' id='word_1_54' title='bbox 1104 1019 1146 1080; x_wconf 84' lang='lat' dir='ltr'><strong>ad</strong></span> <span class='ocrx_word' id='word_1_55' title='bbox 1162 1019 1251 1081; x_wconf 89' lang='lat' dir='ltr'><strong>iliam</strong></span> 
     </span>
     <span class='ocr_line' id='line_1_8' title="bbox 201 1115 1304 1211; baseline -0.001 -17"><span class='ocrx_word' id='word_1_56' title='bbox 201 1141 292 1194; x_wconf 87' lang='lat' dir='ltr'><strong>tuam</strong></span> <span class='ocrx_word' id='word_1_57' title='bbox 309 1115 481 1207; x_wconf 88' lang='lat' dir='ltr'><strong>lautitiam,</strong></span> <span class='ocrx_word' id='word_1_58' title='bbox 498 1139 645 1194; x_wconf 87' lang='lat' dir='ltr'><strong>veterem</strong></span> <span class='ocrx_word' id='word_1_59' title='bbox 662 1131 744 1206; x_wconf 80' lang='lat' dir='ltr'><strong>dico,</strong></span> <span class='ocrx_word' id='word_1_60' title='bbox 762 1151 838 1193; x_wconf 87' lang='lat' dir='ltr'><strong>cum</strong></span> <span class='ocrx_word' id='word_1_61' title='bbox 854 1129 887 1192; x_wconf 91' lang='lat' dir='ltr'><strong>in</strong></span> <span class='ocrx_word' id='word_1_62' title='bbox 905 1137 1074 1211; x_wconf 81' lang='lat' dir='ltr'><strong>sumptum</strong></span> <span class='ocrx_word' id='word_1_63' title='bbox 1094 1131 1250 1207; x_wconf 68' lang='lat' dir='ltr'><strong>habebis,</strong></span> <span class='ocrx_word' id='word_1_64' title='bbox 1277 1162 1304 1207; x_wconf 87' lang='lat'><strong>15</strong></span> 
     </span>
     <span class='ocr_line' id='line_1_9' title="bbox 202 1242 1250 1332; baseline -0.001 -25"><span class='ocrx_word' id='word_1_65' title='bbox 202 1254 265 1307; x_wconf 82' lang='lat' dir='ltr'><strong>etsi</strong></span> <span class='ocrx_word' id='word_1_66' title='bbox 280 1264 461 1326; x_wconf 85' lang='lat' dir='ltr'>numquam</span> <span class='ocrx_word' id='word_1_67' title='bbox 479 1243 575 1325; x_wconf 80' lang='lat' dir='ltr'><strong>plura</strong></span> <span class='ocrx_word' id='word_1_68' title='bbox 592 1243 728 1332; x_wconf 85' lang='lat' dir='ltr'><strong>praedia</strong></span> <span class='ocrx_word' id='word_1_69' title='bbox 746 1242 898 1305; x_wconf 76' lang='lat' dir='ltr'>habuisti.</span> <span class='ocrx_word' id='word_1_70' title='bbox 949 1243 1090 1304; x_wconf 89' lang='lat' dir='ltr'><strong>Proinde</strong></span> <span class='ocrx_word' id='word_1_71' title='bbox 1108 1251 1142 1306; x_wconf 72' lang='lat' dir='ltr'><strong>te</strong></span> <span class='ocrx_word' id='word_1_72' title='bbox 1161 1251 1250 1325; x_wconf 69' lang='lat' dir='ltr'><strong>para.</strong></span> 
     </span>
     <span class='ocr_line' id='line_1_10' title="bbox 203 1355 1253 1438; baseline -0.001 -19"><span class='ocrx_word' id='word_1_73' title='bbox 203 1355 289 1420; x_wconf 91' lang='lat' dir='ltr'><strong>Cum</strong></span> <span class='ocrx_word' id='word_1_74' title='bbox 315 1357 448 1419; x_wconf 87' lang='lat' dir='ltr'><strong>homine</strong></span> <span class='ocrx_word' id='word_1_75' title='bbox 474 1365 507 1418; x_wconf 88' lang='lat' dir='ltr'><strong>et</strong></span> <span class='ocrx_word' id='word_1_76' title='bbox 531 1356 627 1418; x_wconf 73' lang='lat' dir='ltr'><strong>edaci</strong></span> <span class='ocrx_word' id='word_1_77' title='bbox 651 1355 711 1418; x_wconf 90' lang='lat' dir='ltr'><strong>tibi</strong></span> <span class='ocrx_word' id='word_1_78' title='bbox 736 1363 789 1418; x_wconf 73' lang='lat' dir='ltr'><strong>res</strong></span> <span class='ocrx_word' id='word_1_79' title='bbox 815 1364 867 1417; x_wconf 89' lang='lat' dir='ltr'><strong>est</strong></span> <span class='ocrx_word' id='word_1_80' title='bbox 893 1364 927 1417; x_wconf 88' lang='lat' dir='ltr'><strong>et</strong></span> <span class='ocrx_word' id='word_1_81' title='bbox 954 1365 1010 1437; x_wconf 79' lang='lat' dir='ltr'><strong>qui</strong></span> <span class='ocrx_word' id='word_1_82' title='bbox 1036 1355 1102 1417; x_wconf 87' lang='lat' dir='ltr'><strong>iam</strong></span> <span class='ocrx_word' id='word_1_83' title='bbox 1129 1355 1253 1438; x_wconf 90' lang='lat' dir='ltr'><strong>aliquid</strong></span> 
     </span>
     <span class='ocr_line' id='line_1_11' title="bbox 202 1462 1254 1551; baseline 0.001 -21"><span class='ocrx_word' id='word_1_84' title='bbox 202 1469 391 1549; x_wconf 88' lang='lat' dir='ltr'><strong>intellegat;</strong></span> <span class='ocrx_word' id='word_1_85' title='bbox 430 1462 604 1551; x_wconf 69' lang='grc' dir='ltr'>ὀψιμαθεῖς</span> <span class='ocrx_word' id='word_1_86' title='bbox 632 1477 742 1530; x_wconf 89' lang='lat' dir='ltr'><strong>autem</strong></span> <span class='ocrx_word' id='word_1_87' title='bbox 774 1467 924 1530; x_wconf 80' lang='lat' dir='ltr'><strong>homines</strong></span> <span class='ocrx_word' id='word_1_88' title='bbox 952 1477 1016 1530; x_wconf 76' lang='lat' dir='ltr'><strong>scis</strong></span> <span class='ocrx_word' id='word_1_89' title='bbox 1043 1488 1142 1550; x_wconf 89' lang='lat' dir='ltr'><strong>quam</strong></span> <span class='ocrx_word' id='word_1_90' title='bbox 1168 1477 1254 1531; x_wconf 83' lang='lat' dir='ltr'><strong>inso-</strong></span> 
     </span>
     <span class='ocr_line' id='line_1_12' title="bbox 202 1575 1254 1661; baseline 0 -18"><span class='ocrx_word' id='word_1_91' title='bbox 202 1581 309 1643; x_wconf 74' lang='lat' dir='ltr'><strong>lentes</strong></span> <span class='ocrx_word' id='word_1_92' title='bbox 333 1581 407 1643; x_wconf 89' lang='lat' dir='ltr'><strong>sint.</strong></span> <span class='ocrx_word' id='word_1_93' title='bbox 458 1580 689 1644; x_wconf 79' lang='lat' dir='ltr'><strong>Dediscendae</strong></span> <span class='ocrx_word' id='word_1_94' title='bbox 715 1580 774 1642; x_wconf 87' lang='lat' dir='ltr'><strong>tibi</strong></span> <span class='ocrx_word' id='word_1_95' title='bbox 801 1589 878 1642; x_wconf 88' lang='lat' dir='ltr'><strong>sunt</strong></span> <span class='ocrx_word' id='word_1_96' title='bbox 906 1575 1083 1661; x_wconf 87' lang='lat' dir='ltr'><strong>sportellae</strong></span> <span class='ocrx_word' id='word_1_97' title='bbox 1111 1589 1143 1642; x_wconf 89' lang='lat' dir='ltr'><strong>et</strong></span> <span class='ocrx_word' id='word_1_98' title='bbox 1171 1590 1254 1643; x_wconf 88' lang='lat' dir='ltr'><strong>arto-</strong></span> 
     </span>
     <span class='ocr_line' id='line_1_13' title="bbox 203 1693 1307 1774; baseline 0 -19"><span class='ocrx_word' id='word_1_99' title='bbox 203 1693 316 1774; x_wconf 78' lang='lat' dir='ltr'><strong>Iagani</strong></span> <span class='ocrx_word' id='word_1_100' title='bbox 337 1702 394 1755; x_wconf 84' lang='lat' dir='ltr'><strong>tui.</strong></span> <span class='ocrx_word' id='word_1_101' title='bbox 444 1694 515 1755; x_wconf 78' lang='lat' dir='ltr'><strong>Nos</strong></span> <span class='ocrx_word' id='word_1_102' title='bbox 538 1693 603 1755; x_wconf 90' lang='lat' dir='ltr'><strong>iam</strong></span> <span class='ocrx_word' id='word_1_103' title='bbox 628 1702 763 1755; x_wconf 88' lang='lat' dir='ltr'><strong>exarte</strong></span> <span class='ocrx_word' id='word_1_104' title='bbox 788 1693 850 1755; x_wconf 76' lang='lat' dir='ltr'><strong>ista</strong></span> <span class='ocrx_word' id='word_1_105' title='bbox 875 1702 1006 1754; x_wconf 89' lang='lat' dir='ltr'><strong>tanturn</strong></span> <span class='ocrx_word' id='word_1_106' title='bbox 1031 1693 1192 1755; x_wconf 75' lang='lat' dir='ltr'><strong>habemus</strong></span> <span class='ocrx_word' id='word_1_107' title='bbox 1217 1703 1253 1756; x_wconf 92' lang='lat' dir='ltr'><strong>ut</strong></span> <span class='ocrx_word' id='word_1_108' title='bbox 1278 1724 1307 1755; x_wconf 88' lang='lat'><strong>20</strong></span> 
     </span>
     <span class='ocr_line' id='line_1_14' title="bbox 202 1804 1252 1886; baseline 0 -18"><span class='ocrx_word' id='word_1_109' title='bbox 202 1805 357 1868; x_wconf 90' lang='lat' dir='ltr'><strong>Verrium</strong></span> <span class='ocrx_word' id='word_1_110' title='bbox 384 1814 478 1867; x_wconf 92' lang='lat' dir='ltr'><strong>tuum</strong></span> <span class='ocrx_word' id='word_1_111' title='bbox 506 1815 540 1868; x_wconf 90' lang='lat' dir='ltr'><strong>et</strong></span> <span class='ocrx_word' id='word_1_112' title='bbox 567 1804 876 1886; x_wconf 72' lang='lat' dir='ltr'><strong>Camillum—qua</strong></span> <span class='ocrx_word' id='word_1_113' title='bbox 903 1804 1064 1867; x_wconf 75' lang='lat' dir='ltr'><strong>munditia</strong></span> <span class='ocrx_word' id='word_1_114' title='bbox 1091 1805 1252 1882; x_wconf 77' lang='lat' dir='ltr'><strong>homines,</strong></span> 
     </span>
    </p>
   </div>
   <div class='ocr_carea' id='block_1_3' title="bbox 203 1917 1254 2112">
    <p class='ocr_par' dir='ltr' id='par_1_3' title="bbox 203 1917 1254 2112">
     <span class='ocr_line' id='line_1_15' title="bbox 203 1917 1254 2000; baseline 0.002 -22"><span class='ocrx_word' id='word_1_115' title='bbox 203 1924 267 2000; x_wconf 74' lang='lat' dir='ltr'><strong>qua</strong></span> <span class='ocrx_word' id='word_1_116' title='bbox 292 1917 474 1998; x_wconf 70' lang='lat' dir='ltr'><strong>elegantia!</strong></span> <span class='ocrx_word' id='word_1_117' title='bbox 489 1924 660 1980; x_wconf 70' lang='lat' dir='ltr'><strong>—vocfrre</strong></span> <span class='ocrx_word' id='word_1_118' title='bbox 685 1917 818 1999; x_wconf 89' lang='lat' dir='ltr'><strong>saepius</strong></span> <span class='ocrx_word' id='word_1_119' title='bbox 841 1917 1052 1980; x_wconf 73' lang='lat' dir='ltr'><strong>audeamus·</strong></span> <span class='ocrx_word' id='word_1_120' title='bbox 1088 1918 1156 1982; x_wconf 86' lang='lat' dir='ltr'><strong>Sed</strong></span> <span class='ocrx_word' id='word_1_121' title='bbox 1178 1917 1254 1980; x_wconf 78' lang='lat' dir='ltr'><strong>vide</strong></span> 
     </span>
     <span class='ocr_line' id='line_1_16' title="bbox 203 2029 1254 2112; baseline 0 -20"><span class='ocrx_word' id='word_1_122' title='bbox 203 2029 383 2092; x_wconf 71' lang='lat' dir='ltr'><strong>audaciam.</strong></span> <span class='ocrx_word' id='word_1_123' title='bbox 434 2029 544 2092; x_wconf 89' lang='lat' dir='ltr'><strong>Etiam</strong></span> <span class='ocrx_word' id='word_1_124' title='bbox 569 2029 680 2092; x_wconf 80' lang='lat' dir='ltr'><strong>Hirtio</strong></span> <span class='ocrx_word' id='word_1_125' title='bbox 705 2037 820 2092; x_wconf 72' lang='lat' dir='ltr'><strong>cenam</strong></span> <span class='ocrx_word' id='word_1_126' title='bbox 847 2030 932 2105; x_wconf 76' lang='lat' dir='ltr'><strong>dedi,</strong></span> <span class='ocrx_word' id='word_1_127' title='bbox 959 2030 1030 2092; x_wconf 88' lang='lat' dir='ltr'><strong>sine</strong></span> <span class='ocrx_word' id='word_1_128' title='bbox 1054 2037 1184 2112; x_wconf 70' lang='lat' dir='ltr'><strong>pavone</strong></span> <span class='ocrx_word' id='word_1_129' title='bbox 1209 2040 1254 2092; x_wconf 88' lang='lat' dir='ltr'><em>ta-</em></span> 
     </span>
    </p>
   </div>
   <div class='ocr_carea' id='block_1_4' title="bbox 203 2142 1304 2336">
    <p class='ocr_par' dir='ltr' id='par_1_4' title="bbox 203 2142 1304 2336">
     <span class='ocr_line' id='line_1_17' title="bbox 203 2142 1253 2223; baseline 0 -19"><span class='ocrx_word' id='word_1_130' title='bbox 203 2162 289 2204; x_wconf 91' lang='lat' dir='ltr'><strong>men.</strong></span> <span class='ocrx_word' id='word_1_131' title='bbox 338 2142 378 2204; x_wconf 92' lang='lat' dir='ltr'><strong>In</strong></span> <span class='ocrx_word' id='word_1_132' title='bbox 397 2149 437 2204; x_wconf 72' lang='lat' dir='ltr'><strong>ei</strong></span> <span class='ocrx_word' id='word_1_133' title='bbox 454 2149 537 2205; x_wconf 72' lang='lat' dir='ltr'><strong>cena</strong></span> <span class='ocrx_word' id='word_1_134' title='bbox 556 2162 654 2205; x_wconf 90' lang='lat' dir='ltr'><strong>cocus</strong></span> <span class='ocrx_word' id='word_1_135' title='bbox 676 2162 770 2204; x_wconf 91' lang='lat' dir='ltr'><strong>meus</strong></span> <span class='ocrx_word' id='word_1_136' title='bbox 790 2152 922 2223; x_wconf 88' lang='lat' dir='ltr'><strong>praeter</strong></span> <span class='ocrx_word' id='word_1_137' title='bbox 943 2142 994 2204; x_wconf 78' lang='lat' dir='ltr'><strong>iris</strong></span> <span class='ocrx_word' id='word_1_138' title='bbox 1014 2143 1150 2204; x_wconf 78' lang='lat' dir='ltr'><strong>fervens</strong></span> <span class='ocrx_word' id='word_1_139' title='bbox 1171 2142 1253 2204; x_wconf 90' lang='lat' dir='ltr'>nihil</span> 
     </span>
     <span class='ocr_line' id='line_1_18' title="bbox 203 2254 1304 2336; baseline -0.004 -20"><span class='ocrx_word' id='word_1_140' title='bbox 203 2262 270 2317; x_wconf 77' lang='lat' dir='ltr'><strong>non</strong></span> <span class='ocrx_word' id='word_1_141' title='bbox 292 2254 399 2336; x_wconf 89' lang='lat' dir='ltr'><strong>potuit</strong></span> <span class='ocrx_word' id='word_1_142' title='bbox 423 2254 550 2317; x_wconf 73' lang='lat' dir='ltr'><strong>imitari.</strong></span> <span class='ocrx_word' id='word_1_143' title='bbox 600 2255 696 2318; x_wconf 86' lang='lat' dir='ltr'><strong>Haec</strong></span> <span class='ocrx_word' id='word_1_144' title='bbox 719 2255 820 2336; x_wconf 87' lang='lat' dir='ltr'><strong>igitur</strong></span> <span class='ocrx_word' id='word_1_145' title='bbox 843 2264 894 2317; x_wconf 87' lang='lat' dir='ltr'><strong>est</strong></span> <span class='ocrx_word' id='word_1_146' title='bbox 918 2275 1007 2318; x_wconf 92' lang='lat' dir='ltr'><strong>nunc</strong></span> <span class='ocrx_word' id='word_1_147' title='bbox 1029 2264 1097 2318; x_wconf 79' lang='lat' dir='ltr'><strong>vita</strong></span> <span class='ocrx_word' id='word_1_148' title='bbox 1120 2264 1252 2318; x_wconf 86' lang='lat' dir='ltr'><strong>nostra:</strong></span> <span class='ocrx_word' id='word_1_149' title='bbox 1277 2279 1304 2325; x_wconf 83' lang='lat'><strong>25</strong></span> 
     </span>
    </p>
   </div>
   <div class='ocr_carea' id='block_1_5' title="bbox 201 2407 1254 3804">
    <p class='ocr_par' dir='ltr' id='par_1_5' title="bbox 201 2407 1254 3804">
     <span class='ocr_line' id='line_1_19' title="bbox 205 2407 1254 2457; baseline 0.001 -2"><span class='ocrx_word' id='word_1_150' title='bbox 205 2420 243 2455; x_wconf 87' lang='lat'><strong>11.</strong></span> <span class='ocrx_word' id='word_1_151' title='bbox 262 2407 335 2457; x_wconf 78' lang='lat' dir='ltr'><strong>liam</strong></span> <span class='ocrx_word' id='word_1_152' title='bbox 352 2444 358 2456; x_wconf 89' lang='lat'>.</span> <span class='ocrx_word' id='word_1_153' title='bbox 377 2444 382 2456; x_wconf 94' lang='lat'>.</span> <span class='ocrx_word' id='word_1_154' title='bbox 402 2445 407 2456; x_wconf 94' lang='lat'><strong><em>.</em></strong></span> <span class='ocrx_word' id='word_1_155' title='bbox 424 2419 529 2457; x_wconf 82' lang='lat' dir='ltr'><strong>curam:</strong></span> <span class='ocrx_word' id='word_1_156' title='bbox 554 2408 597 2456; x_wconf 89' lang='lat' dir='ltr'><strong>the</strong></span> <span class='ocrx_word' id='word_1_157' title='bbox 616 2414 714 2456; x_wconf 89' lang='lat' dir='ltr'><strong>senato·</strong></span> <span class='ocrx_word' id='word_1_158' title='bbox 741 2407 770 2455; x_wconf 87' lang='lat' dir='ltr'><strong>oi</strong></span> <span class='ocrx_word' id='word_1_159' title='bbox 776 2407 819 2456; x_wconf 87' lang='lat' dir='ltr'><strong>the</strong></span> <span class='ocrx_word' id='word_1_160' title='bbox 827 2424 884 2456; x_wconf 88' lang='lat' dir='ltr'><strong>war.</strong></span> <span class='ocrx_word' id='word_1_161' title='bbox 906 2408 996 2456; x_wconf 92' lang='lat' dir='ltr'><strong>Paetus</strong></span> <span class='ocrx_word' id='word_1_162' title='bbox 1005 2409 1055 2457; x_wconf 87' lang='lat' dir='ltr'><strong>had</strong></span> <span class='ocrx_word' id='word_1_163' title='bbox 1063 2407 1168 2456; x_wconf 85' lang='lat' dir='ltr'><strong>suffered</strong></span> <span class='ocrx_word' id='word_1_164' title='bbox 1179 2409 1254 2456; x_wconf 86' lang='lat' dir='ltr'><strong>finan·</strong></span> 
     </span>
     <span class='ocr_line' id='line_1_20' title="bbox 202 2490 1251 2555; baseline 0.001 -17"><span class='ocrx_word' id='word_1_165' title='bbox 202 2490 247 2538; x_wconf 88' lang='lat' dir='ltr'><strong>rial</strong></span> <span class='ocrx_word' id='word_1_166' title='bbox 260 2497 330 2554; x_wconf 82' lang='lat' dir='ltr'>party</span> <span class='ocrx_word' id='word_1_167' title='bbox 342 2491 392 2538; x_wconf 91' lang='lat' dir='ltr'><strong>had</strong></span> <span class='ocrx_word' id='word_1_168' title='bbox 406 2491 471 2538; x_wconf 89' lang='lat' dir='ltr'><strong>been</strong></span> <span class='ocrx_word' id='word_1_169' title='bbox 484 2490 633 2554; x_wconf 86' lang='lat' dir='ltr'>completely</span> <span class='ocrx_word' id='word_1_170' title='bbox 645 2507 714 2538; x_wconf 89' lang='lat' dir='ltr'><strong>over·</strong></span> <span class='ocrx_word' id='word_1_171' title='bbox 742 2490 789 2539; x_wconf 88' lang='lat' dir='ltr'><strong>cial</strong></span> <span class='ocrx_word' id='word_1_172' title='bbox 808 2490 858 2538; x_wconf 91' lang='lat' dir='ltr'><strong>loss</strong></span> <span class='ocrx_word' id='word_1_173' title='bbox 878 2506 905 2538; x_wconf 91' lang='lat' dir='ltr'><strong>as</strong></span> <span class='ocrx_word' id='word_1_174' title='bbox 922 2507 937 2538; x_wconf 92' lang='lat' dir='ltr'><strong>a</strong></span> <span class='ocrx_word' id='word_1_175' title='bbox 954 2492 1070 2540; x_wconf 85' lang='lat' dir='ltr'><strong>creditor.</strong></span> <span class='ocrx_word' id='word_1_176' title='bbox 1113 2504 1149 2555; x_wconf 91' lang='lat'><strong>17.</strong></span> <span class='ocrx_word' id='word_1_177' title='bbox 1167 2491 1251 2552; x_wconf 80' lang='lat' dir='ltr'><strong>edaci,</strong></span> 
     </span>
     <span class='ocr_line' id='line_1_21' title="bbox 202 2569 1253 2638; baseline 0 -16"><span class='ocrx_word' id='word_1_178' title='bbox 202 2573 300 2622; x_wconf 84' lang='lat' dir='ltr'><strong>thrown</strong></span> <span class='ocrx_word' id='word_1_179' title='bbox 312 2573 344 2634; x_wconf 91' lang='lat' dir='ltr'><strong>by</strong></span> <span class='ocrx_word' id='word_1_180' title='bbox 356 2573 398 2620; x_wconf 92' lang='lat' dir='ltr'><strong>the</strong></span> <span class='ocrx_word' id='word_1_181' title='bbox 411 2573 495 2622; x_wconf 80' lang='lat' dir='ltr'><strong>deleat</strong></span> <span class='ocrx_word' id='word_1_182' title='bbox 511 2580 536 2620; x_wconf 85' lang='lat' dir='ltr'><em>at</em></span> <span class='ocrx_word' id='word_1_183' title='bbox 551 2573 666 2637; x_wconf 89' lang='lat' dir='ltr'><strong>Thapsus</strong></span> <span class='ocrx_word' id='word_1_184' title='bbox 682 2589 714 2620; x_wconf 91' lang='lat' dir='ltr'><strong>on</strong></span> <span class='ocrx_word' id='word_1_185' title='bbox 741 2573 794 2622; x_wconf 82' lang='lat' dir='ltr'><strong>who</strong></span> <span class='ocrx_word' id='word_1_186' title='bbox 811 2574 857 2621; x_wconf 83' lang='lat' dir='ltr'><strong>has</strong></span> <span class='ocrx_word' id='word_1_187' title='bbox 875 2590 891 2620; x_wconf 86' lang='lat' dir='ltr'><em>a</em></span> <span class='ocrx_word' id='word_1_188' title='bbox 907 2574 972 2638; x_wconf 83' lang='lat' dir='ltr'><em>gaad</em></span> <span class='ocrx_word' id='word_1_189' title='bbox 986 2575 1099 2637; x_wconf 80' lang='lat' dir='ltr'><strong>appetite.</strong></span> <span class='ocrx_word' id='word_1_190' title='bbox 1141 2573 1178 2622; x_wconf 90' lang='lat'><strong>18.</strong></span> <span class='ocrx_word' id='word_1_191' title='bbox 1194 2569 1253 2636; x_wconf 80' lang='grc' dir='ltr'>ὀψι-</span> 
     </span>
     <span class='ocr_line' id='line_1_22' title="bbox 202 2653 1250 2720; baseline 0 -16"><span class='ocrx_word' id='word_1_192' title='bbox 202 2657 274 2720; x_wconf 88' lang='lat' dir='ltr'><strong>April</strong></span> <span class='ocrx_word' id='word_1_193' title='bbox 292 2656 343 2713; x_wconf 88' lang='lat' dir='ltr'><strong>6th‚</strong></span> <span class='ocrx_word' id='word_1_194' title='bbox 362 2658 411 2704; x_wconf 88' lang='lat' dir='ltr'><strong>and</strong></span> <span class='ocrx_word' id='word_1_195' title='bbox 429 2655 517 2704; x_wconf 90' lang='lat' dir='ltr'><strong>Cicero</strong></span> <span class='ocrx_word' id='word_1_196' title='bbox 538 2657 669 2720; x_wconf 88' lang='lat' dir='ltr'><strong>despaired</strong></span> <span class='ocrx_word' id='word_1_197' title='bbox 690 2656 719 2704; x_wconf 90' lang='lat' dir='ltr'><strong>0I</strong></span> <span class='ocrx_word' id='word_1_198' title='bbox 742 2653 837 2720; x_wconf 72' lang='lat' dir='ltr'><strong>paiste,</strong></span> <span class='ocrx_word' id='word_1_199' title='bbox 873 2657 928 2704; x_wconf 79' lang='lat' dir='ltr'><strong>who</strong></span> <span class='ocrx_word' id='word_1_200' title='bbox 961 2657 1023 2704; x_wconf 81' lang='lat' dir='ltr'><strong>have</strong></span> <span class='ocrx_word' id='word_1_201' title='bbox 1057 2657 1165 2705; x_wconf 78' lang='lat' dir='ltr'><em>learned</em></span> <span class='ocrx_word' id='word_1_202' title='bbox 1195 2657 1250 2705; x_wconf 86' lang='lat' dir='ltr'><strong>late.</strong></span> 
     </span>
     <span class='ocr_line' id='line_1_23' title="bbox 201 2738 1250 2805; baseline 0.002 -19"><span class='ocrx_word' id='word_1_203' title='bbox 201 2739 244 2787; x_wconf 81' lang='lat' dir='ltr'><strong>the</strong></span> <span class='ocrx_word' id='word_1_204' title='bbox 254 2739 374 2802; x_wconf 84' lang='lat' dir='ltr'><strong>republic.</strong></span> <span class='ocrx_word' id='word_1_205' title='bbox 404 2752 440 2787; x_wconf 89' lang='lat'><strong>12.</strong></span> <span class='ocrx_word' id='word_1_206' title='bbox 453 2738 715 2798; x_wconf 83' lang='lat' dir='ltr'><strong>commentationem,</strong></span> <span class='ocrx_word' id='word_1_207' title='bbox 745 2752 781 2800; x_wconf 85' lang='lat'><strong>¹9·</strong></span> <span class='ocrx_word' id='word_1_208' title='bbox 805 2738 996 2797; x_wconf 81' lang='lat' dir='ltr'><strong>Dediscendae,</strong></span> <span class='ocrx_word' id='word_1_209' title='bbox 1021 2740 1141 2797; x_wconf 76' lang='lat' dir='ltr'><strong>ualeam,</strong></span> <span class='ocrx_word' id='word_1_210' title='bbox 1161 2741 1250 2805; x_wconf 78' lang='lat' dir='ltr'><strong>forget.</strong></span> 
     </span>
     <span class='ocr_line' id='line_1_24' title="bbox 202 2821 1254 2886; baseline 0.003 -18"><span class='ocrx_word' id='word_1_211' title='bbox 202 2823 380 2884; x_wconf 80' lang='lat' dir='ltr'><strong>preparation.</strong></span> <span class='ocrx_word' id='word_1_212' title='bbox 435 2835 471 2882; x_wconf 84' lang='lat'><strong>14.</strong></span> <span class='ocrx_word' id='word_1_213' title='bbox 501 2822 570 2871; x_wconf 81' lang='lat' dir='ltr'><strong>hanc</strong></span> <span class='ocrx_word' id='word_1_214' title='bbox 600 2821 715 2873; x_wconf 84' lang='lat' dir='ltr'><strong>insolen-</strong></span> <span class='ocrx_word' id='word_1_215' title='bbox 741 2821 939 2886; x_wconf 77' lang='lat' dir='ltr'><strong>-sportellae,</strong></span> <span class='ocrx_word' id='word_1_216' title='bbox 971 2823 1032 2870; x_wconf 77' lang='lat' dir='ltr'><strong>little</strong></span> <span class='ocrx_word' id='word_1_217' title='bbox 1062 2823 1161 2881; x_wconf 83' lang='lat' dir='ltr'><strong>baskets,</strong></span> <span class='ocrx_word' id='word_1_218' title='bbox 1193 2825 1254 2872; x_wconf 88' lang='lat' dir='ltr'>used</span> 
     </span>
     <span class='ocr_line' id='line_1_25' title="bbox 202 2903 1248 2969; baseline 0.001 -16"><span class='ocrx_word' id='word_1_219' title='bbox 202 2903 280 2962; x_wconf 78' lang='lat' dir='ltr'><strong>tiam,</strong></span> <span class='ocrx_word' id='word_1_220' title='bbox 300 2905 339 2952; x_wconf 81' lang='lat' dir='ltr'><strong>tlte</strong></span> <span class='ocrx_word' id='word_1_221' title='bbox 352 2905 505 2969; x_wconf 78' lang='lat' dir='ltr'><strong>prevailtng</strong></span> <span class='ocrx_word' id='word_1_222' title='bbox 519 2912 711 2968; x_wconf 72' lang='lat' dir='ltr'><em>extravagante.</em></span> <span class='ocrx_word' id='word_1_223' title='bbox 742 2905 867 2967; x_wconf 86' lang='lat' dir='ltr'><strong>evidently</strong></span> <span class='ocrx_word' id='word_1_224' title='bbox 885 2905 924 2953; x_wconf 86' lang='lat' dir='ltr'><strong>sor</strong></span> <span class='ocrx_word' id='word_1_225' title='bbox 940 2921 1010 2952; x_wconf 89' lang='lat' dir='ltr'><strong>some</strong></span> <span class='ocrx_word' id='word_1_226' title='bbox 1029 2905 1115 2953; x_wconf 84' lang='lat' dir='ltr'><strong>article</strong></span> <span class='ocrx_word' id='word_1_227' title='bbox 1134 2905 1162 2953; x_wconf 84' lang='lat' dir='ltr'><strong>oi</strong></span> <span class='ocrx_word' id='word_1_228' title='bbox 1177 2906 1248 2964; x_wconf 86' lang='lat' dir='ltr'><strong>sood;</strong></span> 
     </span>
     <span class='ocr_line' id='line_1_26' title="bbox 205 2985 1253 3052; baseline 0.003 -19"><span class='ocrx_word' id='word_1_229' title='bbox 205 2998 241 3050; x_wconf 82' lang='lat'><strong>15.</strong></span> <span class='ocrx_word' id='word_1_230' title='bbox 262 2985 411 3044; x_wconf 80' lang='lat' dir='ltr'><strong>lautitiam,</strong></span> <span class='ocrx_word' id='word_1_231' title='bbox 424 2987 667 3051; x_wconf 75' lang='lat' dir='ltr'><strong>elegrmce-cum.</strong></span> <span class='ocrx_word' id='word_1_232' title='bbox 684 3023 711 3035; x_wconf 92' lang='lat'><strong>..</strong></span> <span class='ocrx_word' id='word_1_233' title='bbox 741 2988 850 3052; x_wconf 84' lang='lat' dir='ltr'><strong>perhaps</strong></span> <span class='ocrx_word' id='word_1_234' title='bbox 878 2988 948 3036; x_wconf 87' lang='lat' dir='ltr'><strong>there</strong></span> <span class='ocrx_word' id='word_1_235' title='bbox 976 2989 997 3036; x_wconf 91' lang='lat' dir='ltr'><strong>is</strong></span> <span class='ocrx_word' id='word_1_236' title='bbox 1026 2988 1166 3050; x_wconf 87' lang='lat' dir='ltr'><strong>hendiadys</strong></span> <span class='ocrx_word' id='word_1_237' title='bbox 1194 2989 1253 3036; x_wconf 89' lang='lat' dir='ltr'><strong>with</strong></span> 
     </span>
     <span class='ocr_line' id='line_1_27' title="bbox 201 3068 1250 3135; baseline 0 -17"><span class='ocrx_word' id='word_1_238' title='bbox 201 3068 329 3128; x_wconf 78' lang='lat' dir='ltr'><strong>habebas,</strong></span> <span class='ocrx_word' id='word_1_239' title='bbox 350 3070 420 3117; x_wconf 78' lang='lat' dir='ltr'><strong>when</strong></span> <span class='ocrx_word' id='word_1_240' title='bbox 439 3085 492 3132; x_wconf 84' lang='lat' dir='ltr'><strong>you</strong></span> <span class='ocrx_word' id='word_1_241' title='bbox 513 3070 567 3117; x_wconf 78' lang='lat' dir='ltr'><strong>aad</strong></span> <span class='ocrx_word' id='word_1_242' title='bbox 586 3086 674 3133; x_wconf 82' lang='lat' dir='ltr'><strong>money</strong></span> <span class='ocrx_word' id='word_1_243' title='bbox 692 3077 715 3118; x_wconf 86' lang='lat' dir='ltr'><strong>to</strong></span> <span class='ocrx_word' id='word_1_244' title='bbox 741 3071 895 3135; x_wconf 81' lang='lat' dir='ltr'><em>artolagani,</em></span> <span class='ocrx_word' id='word_1_245' title='bbox 919 3072 981 3119; x_wconf 82' lang='lat' dir='ltr'><em>little</em></span> <span class='ocrx_word' id='word_1_246' title='bbox 1003 3071 1095 3118; x_wconf 82' lang='lat' dir='ltr'><strong>baskets</strong></span> <span class='ocrx_word' id='word_1_247' title='bbox 1120 3071 1152 3135; x_wconf 87' lang='lat' dir='ltr'><strong>af</strong></span> <span class='ocrx_word' id='word_1_248' title='bbox 1173 3071 1250 3120; x_wconf 74' lang='lat' dir='ltr'><strong>calces.</strong></span> 
     </span>
     <span class='ocr_line' id='line_1_28' title="bbox 201 3151 1253 3214; baseline 0.007 -16"><span class='ocrx_word' id='word_1_249' title='bbox 201 3152 284 3214; x_wconf 71' lang='lat' dir='ltr'><strong>sperui</strong></span> <span class='ocrx_word' id='word_1_250' title='bbox 341 3151 379 3199; x_wconf 84' lang='lat'><strong>16.</strong></span> <span class='ocrx_word' id='word_1_251' title='bbox 405 3151 458 3202; x_wconf 78' lang='lat' dir='ltr'><strong>etsi</strong></span> <span class='ocrx_word' id='word_1_252' title='bbox 482 3188 487 3200; x_wconf 91' lang='lat'>.</span> <span class='ocrx_word' id='word_1_253' title='bbox 512 3189 517 3200; x_wconf 93' lang='lat'><em>.</em></span> <span class='ocrx_word' id='word_1_254' title='bbox 543 3189 548 3200; x_wconf 93' lang='lat'>.</span> <span class='ocrx_word' id='word_1_255' title='bbox 572 3152 712 3203; x_wconf 80' lang='lat' dir='ltr'><strong>habuisti:</strong></span> <span class='ocrx_word' id='word_1_256' title='bbox 742 3166 780 3202; x_wconf 88' lang='lat'><strong>21.</strong></span> <span class='ocrx_word' id='word_1_257' title='bbox 809 3153 952 3211; x_wconf 79' lang='lat' dir='ltr'><strong>munditia,</strong></span> <span class='ocrx_word' id='word_1_258' title='bbox 976 3155 1093 3202; x_wconf 86' lang='lat' dir='ltr'><strong>niceaess.</strong></span> <span class='ocrx_word' id='word_1_259' title='bbox 1146 3168 1184 3203; x_wconf 86' lang='lat'><strong>22.</strong></span> <span class='ocrx_word' id='word_1_260' title='bbox 1208 3167 1253 3205; x_wconf 88' lang='lat' dir='ltr'><strong>vo-</strong></span> 
     </span>
     <span class='ocr_line' id='line_1_29' title="bbox 202 3234 1253 3300; baseline 0.006 -18"><span class='ocrx_word' id='word_1_261' title='bbox 202 3235 245 3282; x_wconf 89' lang='lat' dir='ltr'><strong>the</strong></span> <span class='ocrx_word' id='word_1_262' title='bbox 263 3234 335 3282; x_wconf 89' lang='lat' dir='ltr'><strong>value</strong></span> <span class='ocrx_word' id='word_1_263' title='bbox 355 3235 384 3282; x_wconf 89' lang='lat' dir='ltr'><strong>os</strong></span> <span class='ocrx_word' id='word_1_264' title='bbox 403 3235 462 3284; x_wconf 87' lang='lat' dir='ltr'><strong>land</strong></span> <span class='ocrx_word' id='word_1_265' title='bbox 483 3236 532 3284; x_wconf 87' lang='lat' dir='ltr'><strong>had</strong></span> <span class='ocrx_word' id='word_1_266' title='bbox 554 3237 714 3300; x_wconf 87' lang='lat' dir='ltr'><strong>depreciated</strong></span> <span class='ocrx_word' id='word_1_267' title='bbox 741 3249 809 3294; x_wconf 83' lang='lat' dir='ltr'><strong>care,</strong></span> <span class='ocrx_word' id='word_1_268' title='bbox 830 3237 874 3284; x_wconf 81' lang='lat' dir='ltr'><strong>ask</strong></span> <span class='ocrx_word' id='word_1_269' title='bbox 896 3243 918 3284; x_wconf 85' lang='lat' dir='ltr'><em>ta</em></span> <span class='ocrx_word' id='word_1_270' title='bbox 942 3238 1044 3285; x_wconf 83' lang='lat' dir='ltr'><strong>dianer.</strong></span> <span class='ocrx_word' id='word_1_271' title='bbox 1094 3250 1132 3299; x_wconf 88' lang='lat'><strong>23.</strong></span> <span class='ocrx_word' id='word_1_272' title='bbox 1157 3237 1253 3296; x_wconf 81' lang='lat' dir='ltr'><strong>Hirtio,</strong></span> 
     </span>
     <span class='ocr_line' id='line_1_30' title="bbox 202 3318 1253 3384; baseline 0.004 -19"><span class='ocrx_word' id='word_1_273' title='bbox 202 3318 356 3380; x_wconf 86' lang='lat' dir='ltr'><strong>throughout</strong></span> <span class='ocrx_word' id='word_1_274' title='bbox 374 3319 437 3381; x_wconf 86' lang='lat' dir='ltr'><em>Italy</em></span> <span class='ocrx_word' id='word_1_275' title='bbox 455 3321 479 3366; x_wconf 88' lang='lat' dir='ltr'><strong>iu</strong></span> <span class='ocrx_word' id='word_1_276' title='bbox 498 3335 671 3384; x_wconf 87' lang='lat' dir='ltr'><strong>consequence</strong></span> <span class='ocrx_word' id='word_1_277' title='bbox 689 3320 717 3368; x_wconf 88' lang='lat' dir='ltr'><strong>of</strong></span> <span class='ocrx_word' id='word_1_278' title='bbox 741 3320 784 3368; x_wconf 91' lang='lat' dir='ltr'><strong>the</strong></span> <span class='ocrx_word' id='word_1_279' title='bbox 808 3320 898 3367; x_wconf 86' lang='lat' dir='ltr'><strong>author</strong></span> <span class='ocrx_word' id='word_1_280' title='bbox 921 3319 949 3367; x_wconf 87' lang='lat' dir='ltr'><strong>oi</strong></span> <span class='ocrx_word' id='word_1_281' title='bbox 970 3320 1043 3368; x_wconf 86' lang='lat' dir='ltr'><strong>Book</strong></span> <span class='ocrx_word' id='word_1_282' title='bbox 1065 3320 1138 3368; x_wconf 83' lang='lat' dir='ltr'><strong>VIII.</strong></span> <span class='ocrx_word' id='word_1_283' title='bbox 1162 3321 1191 3368; x_wconf 86' lang='lat' dir='ltr'><strong>of</strong></span> <span class='ocrx_word' id='word_1_284' title='bbox 1211 3321 1253 3369; x_wconf 94' lang='lat' dir='ltr'><strong>the</strong></span> 
     </span>
     <span class='ocr_line' id='line_1_31' title="bbox 201 3401 1254 3463; baseline 0.002 -14"><span class='ocrx_word' id='word_1_285' title='bbox 201 3401 245 3449; x_wconf 87' lang='lat' dir='ltr'><strong>the</strong></span> <span class='ocrx_word' id='word_1_286' title='bbox 261 3401 318 3448; x_wconf 87' lang='lat' dir='ltr'><strong>civil</strong></span> <span class='ocrx_word' id='word_1_287' title='bbox 332 3417 389 3459; x_wconf 88' lang='lat' dir='ltr'><strong>war,</strong></span> <span class='ocrx_word' id='word_1_288' title='bbox 405 3403 455 3450; x_wconf 90' lang='lat' dir='ltr'><strong>and</strong></span> <span class='ocrx_word' id='word_1_289' title='bbox 471 3402 496 3450; x_wconf 88' lang='lat' dir='ltr'><strong>iu</strong></span> <span class='ocrx_word' id='word_1_290' title='bbox 511 3416 543 3463; x_wconf 90' lang='lat'><strong>49</strong></span> <span class='ocrx_word' id='word_1_291' title='bbox 559 3415 607 3450; x_wconf 71' lang='lat' dir='ltr'><strong>nc.</strong></span> <span class='ocrx_word' id='word_1_292' title='bbox 624 3403 714 3452; x_wconf 88' lang='lat' dir='ltr'><strong>Caesar</strong></span> <span class='ocrx_word' id='word_1_293' title='bbox 741 3402 841 3450; x_wconf 84' lang='lat' dir='ltr'><strong>Bellum</strong></span> <span class='ocrx_word' id='word_1_294' title='bbox 864 3402 998 3460; x_wconf 84' lang='lat' dir='ltr'><strong>Gallicum,</strong></span> <span class='ocrx_word' id='word_1_295' title='bbox 1014 3403 1070 3450; x_wconf 89' lang='lat' dir='ltr'><strong>who</strong></span> <span class='ocrx_word' id='word_1_296' title='bbox 1088 3403 1136 3451; x_wconf 90' lang='lat' dir='ltr'><strong>Iost</strong></span> <span class='ocrx_word' id='word_1_297' title='bbox 1155 3403 1193 3451; x_wconf 91' lang='lat' dir='ltr'><strong>his</strong></span> <span class='ocrx_word' id='word_1_298' title='bbox 1211 3403 1254 3451; x_wconf 81' lang='lat' dir='ltr'><strong>lite</strong></span> 
     </span>
     <span class='ocr_line' id='line_1_32' title="bbox 201 3483 1251 3549; baseline 0.003 -18"><span class='ocrx_word' id='word_1_299' title='bbox 201 3483 252 3531; x_wconf 88' lang='lat' dir='ltr'><strong>had</strong></span> <span class='ocrx_word' id='word_1_300' title='bbox 264 3484 383 3546; x_wconf 90' lang='lat' dir='ltr'><strong>provided</strong></span> <span class='ocrx_word' id='word_1_301' title='bbox 399 3484 437 3532; x_wconf 82' lang='lat' dir='ltr'><strong>ior</strong></span> <span class='ocrx_word' id='word_1_302' title='bbox 451 3485 493 3532; x_wconf 86' lang='lat' dir='ltr'><strong>the</strong></span> <span class='ocrx_word' id='word_1_303' title='bbox 511 3485 585 3532; x_wconf 85' lang='lat' dir='ltr'><strong>reIies</strong></span> <span class='ocrx_word' id='word_1_304' title='bbox 600 3486 627 3532; x_wconf 89' lang='lat' dir='ltr'><strong>oi</strong></span> <span class='ocrx_word' id='word_1_305' title='bbox 643 3486 713 3533; x_wconf 89' lang='lat' dir='ltr'><strong>debt-</strong></span> <span class='ocrx_word' id='word_1_306' title='bbox 741 3492 766 3533; x_wconf 88' lang='lat' dir='ltr'><em>at</em></span> <span class='ocrx_word' id='word_1_307' title='bbox 791 3485 890 3532; x_wconf 87' lang='lat' dir='ltr'><strong>Mutina</strong></span> <span class='ocrx_word' id='word_1_308' title='bbox 916 3485 941 3532; x_wconf 87' lang='lat' dir='ltr'><strong>in</strong></span> <span class='ocrx_word' id='word_1_309' title='bbox 967 3498 997 3548; x_wconf 85' lang='lat'><strong>53</strong></span> <span class='ocrx_word' id='word_1_310' title='bbox 1022 3497 1071 3533; x_wconf 68' lang='lat' dir='ltr'><strong>uc.</strong></span> <span class='ocrx_word' id='word_1_311' title='bbox 1091 3497 1251 3549; x_wconf 82' lang='lat' dir='ltr'><strong>-pavone‚</strong></span> 
     </span>
     <span class='ocr_line' id='line_1_33' title="bbox 201 3566 1253 3630; baseline 0.003 -17"><span class='ocrx_word' id='word_1_312' title='bbox 201 3566 364 3628; x_wconf 83' lang='lat' dir='ltr'><strong>orsbyalaw</strong></span> <span class='ocrx_word' id='word_1_313' title='bbox 372 3567 454 3614; x_wconf 83' lang='lat' dir='ltr'><strong>thch</strong></span> <span class='ocrx_word' id='word_1_314' title='bbox 467 3568 582 3630; x_wconf 79' lang='lat' dir='ltr'><strong>requIred</strong></span> <span class='ocrx_word' id='word_1_315' title='bbox 595 3568 714 3616; x_wconf 88' lang='lat' dir='ltr'><strong>creditors</strong></span> <span class='ocrx_word' id='word_1_316' title='bbox 736 3567 848 3630; x_wconf 81' lang='lat' dir='ltr'><strong>peacack,</strong></span> <span class='ocrx_word' id='word_1_317' title='bbox 869 3567 921 3615; x_wconf 88' lang='lat' dir='ltr'><strong>first</strong></span> <span class='ocrx_word' id='word_1_318' title='bbox 939 3568 1027 3615; x_wconf 90' lang='lat' dir='ltr'><strong>served</strong></span> <span class='ocrx_word' id='word_1_319' title='bbox 1044 3568 1077 3630; x_wconf 88' lang='lat' dir='ltr'><strong>by</strong></span> <span class='ocrx_word' id='word_1_320' title='bbox 1096 3569 1253 3626; x_wconf 80' lang='lat' dir='ltr'><strong>HortensIus,</strong></span> 
     </span>
     <span class='ocr_line' id='line_1_34' title="bbox 201 3649 1253 3714; baseline 0.001 -17"><span class='ocrx_word' id='word_1_321' title='bbox 201 3655 228 3697; x_wconf 89' lang='lat' dir='ltr'><strong>to</strong></span> <span class='ocrx_word' id='word_1_322' title='bbox 251 3656 339 3712; x_wconf 87' lang='lat' dir='ltr'><strong>accept</strong></span> <span class='ocrx_word' id='word_1_323' title='bbox 362 3657 479 3713; x_wconf 88' lang='lat' dir='ltr'><strong>property</strong></span> <span class='ocrx_word' id='word_1_324' title='bbox 499 3650 525 3697; x_wconf 88' lang='lat' dir='ltr'><strong>in</strong></span> <span class='ocrx_word' id='word_1_325' title='bbox 548 3657 666 3714; x_wconf 88' lang='lat' dir='ltr'><strong>payment</strong></span> <span class='ocrx_word' id='word_1_326' title='bbox 689 3651 717 3698; x_wconf 85' lang='lat' dir='ltr'><strong>oi</strong></span> <span class='ocrx_word' id='word_1_327' title='bbox 741 3651 790 3699; x_wconf 92' lang='lat' dir='ltr'><strong>and</strong></span> <span class='ocrx_word' id='word_1_328' title='bbox 805 3666 861 3698; x_wconf 89' lang='lat' dir='ltr'><strong>now</strong></span> <span class='ocrx_word' id='word_1_329' title='bbox 874 3649 979 3698; x_wconf 86' lang='lat' dir='ltr'><strong>become</strong></span> <span class='ocrx_word' id='word_1_330' title='bbox 997 3667 1012 3698; x_wconf 86' lang='lat' dir='ltr'><strong>a</strong></span> <span class='ocrx_word' id='word_1_331' title='bbox 1030 3650 1185 3698; x_wconf 87' lang='lat' dir='ltr'><strong>Iashionable</strong></span> <span class='ocrx_word' id='word_1_332' title='bbox 1202 3651 1253 3698; x_wconf 88' lang='lat' dir='ltr'><strong>qu-</strong></span> 
     </span>
     <span class='ocr_line' id='line_1_35' title="bbox 201 3731 1250 3804; baseline -0.001 -23"><span class='ocrx_word' id='word_1_333' title='bbox 201 3731 263 3781; x_wconf 88' lang='lat' dir='ltr'><strong>debt</strong></span> <span class='ocrx_word' id='word_1_334' title='bbox 274 3739 300 3804; x_wconf 78' lang='lat' dir='ltr'><em>at</em></span> <span class='ocrx_word' id='word_1_335' title='bbox 311 3732 343 3781; x_wconf 85' lang='lat' dir='ltr'><strong>its</strong></span> <span class='ocrx_word' id='word_1_336' title='bbox 354 3732 426 3780; x_wconf 84' lang='lat' dir='ltr'><strong>vaIue</strong></span> <span class='ocrx_word' id='word_1_337' title='bbox 439 3732 524 3780; x_wconf 86' lang='lat' dir='ltr'><strong>before</strong></span> <span class='ocrx_word' id='word_1_338' title='bbox 537 3734 580 3782; x_wconf 90' lang='lat' dir='ltr'><strong>the</strong></span> <span class='ocrx_word' id='word_1_339' title='bbox 592 3733 714 3782; x_wconf 86' lang='lat' dir='ltr'><strong>outbreak</strong></span> <span class='ocrx_word' id='word_1_340' title='bbox 741 3748 793 3794; x_wconf 90' lang='lat' dir='ltr'><strong>ury.</strong></span> <span class='ocrx_word' id='word_1_341' title='bbox 829 3745 868 3794; x_wconf 90' lang='lat'><strong>24.</strong></span> <span class='ocrx_word' id='word_1_342' title='bbox 886 3745 970 3791; x_wconf 64' lang='lat' dir='ltr'><strong>cocunt,</strong></span> <span class='ocrx_word' id='word_1_343' title='bbox 988 3733 1050 3780; x_wconf 78' lang='lat' dir='ltr'><strong>caol.</strong></span> <span class='ocrx_word' id='word_1_344' title='bbox 1061 3731 1153 3792; x_wconf 83' lang='lat' dir='ltr'><strong>-ius,</strong></span> <span class='ocrx_word' id='word_1_345' title='bbox 1169 3749 1250 3781; x_wconf 77' lang='lat' dir='ltr'><strong>rauce.</strong></span> 
     </span>
    </p>
   </div>
   <div class='ocr_carea' id='block_1_6' title="bbox 0 0 1499 4160">
    <p class='ocr_par' dir='ltr' id='par_1_6' title="bbox 0 0 1499 4160">
     <span class='ocr_line' id='line_1_36' title="bbox 0 0 1499 4160; baseline 0 0"><span class='ocrx_word' id='word_1_346' title='bbox 0 0 1499 4160; x_wconf 95' lang='lat' dir='ltr'><strong> </strong></span> 
     </span>
    </p>
   </div>
  </div>
 </body>
</html>
