<?xml version="1.0" encoding="UTF-8"?>
<!DOCTYPE html PUBLIC "-//W3C//DTD XHTML 1.0 Transitional//EN"
    "http://www.w3.org/TR/xhtml1/DTD/xhtml1-transitional.dtd">
<html xmlns="http://www.w3.org/1999/xhtml" xml:lang="en" lang="en">
 <head>
  <title>
</title>
<meta http-equiv="Content-Type" content="text/html;charset=utf-8" />
  <meta name='ocr-system' content='tesseract 3.04.00' />
  <meta name='ocr-capabilities' content='ocr_page ocr_carea ocr_par ocr_line ocrx_word'/>
</head>
<body>
  <div class='ocr_page' id='page_1' title='image "./selectionsfromc04cicegoog_0088.png"; bbox 0 0 2988 4160; ppageno 0'>
   <div class='ocr_carea' id='block_1_1' title="bbox 457 235 1261 303">
    <p class='ocr_par' dir='ltr' id='par_1_1' title="bbox 457 235 1261 303">
     <span class='ocr_line' id='line_1_1' title="bbox 457 235 1261 303; baseline 0.006 -5"><span class='ocrx_word' id='word_1_1' title='bbox 457 249 532 298; x_wconf 77' lang='lat' dir='ltr'>rue</span> <span class='ocrx_word' id='word_1_2' title='bbox 554 245 707 300; x_wconf 79' lang='lat' dir='ltr'>uunnen</span> <span class='ocrx_word' id='word_1_3' title='bbox 730 252 774 301; x_wconf 81' lang='lat' dir='ltr'>or</span> <span class='ocrx_word' id='word_1_4' title='bbox 797 243 1017 300; x_wconf 68' lang='lat' dir='ltr'>Mnrzcut‘uu&#39;s.</span> <span class='ocrx_word' id='word_1_5' title='bbox 1223 235 1261 303; x_wconf 87' lang='lat'>81</span> 
     </span>
    </p>
   </div>
   <div class='ocr_carea' id='block_1_2' title="bbox 211 423 1316 2629">
    <p class='ocr_par' dir='ltr' id='par_1_2' title="bbox 211 423 1316 2629">
     <span class='ocr_line' id='line_1_2' title="bbox 213 423 1262 506; baseline -0.001 -19"><span class='ocrx_word' id='word_1_6' title='bbox 213 423 283 487; x_wconf 79' lang='lat' dir='ltr'>eius</span> <span class='ocrx_word' id='word_1_7' title='bbox 299 423 372 500; x_wconf 76' lang='lat' dir='ltr'>dier,</span> <span class='ocrx_word' id='word_1_8' title='bbox 389 444 465 487; x_wconf 93' lang='lat' dir='ltr'>cum</span> <span class='ocrx_word' id='word_1_9' title='bbox 487 424 529 486; x_wconf 87' lang='lat' dir='ltr'>ab</span> <span class='ocrx_word' id='word_1_10' title='bbox 551 424 695 488; x_wconf 76' lang='lat' dir='ltr'>Athenis</span> <span class='ocrx_word' id='word_1_11' title='bbox 716 425 881 506; x_wconf 80' lang='lat' dir='ltr'>proficisci</span> <span class='ocrx_word' id='word_1_12' title='bbox 903 425 937 487; x_wconf 96' lang='lat' dir='ltr'>in</span> <span class='ocrx_word' id='word_1_13' title='bbox 961 425 1072 487; x_wconf 79' lang='lat' dir='ltr'>animo</span> <span class='ocrx_word' id='word_1_14' title='bbox 1095 425 1262 501; x_wconf 78' lang='lat' dir='ltr'>haberem,</span> 
     </span>
     <span class='ocr_line' id='line_1_3' title="bbox 213 536 1261 614; baseline 0 -14"><span class='ocrx_word' id='word_1_15' title='bbox 213 536 342 600; x_wconf 87' lang='lat' dir='ltr'><strong>circiter</strong></span> <span class='ocrx_word' id='word_1_16' title='bbox 358 537 439 600; x_wconf 75' lang='lat' dir='ltr'>hora</span> <span class='ocrx_word' id='word_1_17' title='bbox 456 537 585 600; x_wconf 74' lang='lat' dir='ltr'>decima</span> <span class='ocrx_word' id='word_1_18' title='bbox 601 537 707 600; x_wconf 90' lang='lat' dir='ltr'>noctis</span> <span class='ocrx_word' id='word_1_19' title='bbox 726 537 758 599; x_wconf 91' lang='lat' dir='ltr'>P.</span> <span class='ocrx_word' id='word_1_20' title='bbox 778 537 976 613; x_wconf 86' lang='lat' dir='ltr'><strong>Postumius,</strong></span> <span class='ocrx_word' id='word_1_21' title='bbox 994 537 1166 600; x_wconf 70' lang='lat' dir='ltr'>familiaris</span> <span class='ocrx_word' id='word_1_22' title='bbox 1183 537 1261 614; x_wconf 76' lang='lat' dir='ltr'>eius,</span> 
     </span>
     <span class='ocr_line' id='line_1_4' title="bbox 213 649 1262 730; baseline -0.001 -18"><span class='ocrx_word' id='word_1_23' title='bbox 213 649 256 712; x_wconf 87' lang='lat' dir='ltr'>ad</span> <span class='ocrx_word' id='word_1_24' title='bbox 272 649 431 712; x_wconf 76' lang='lat' dir='ltr'>mevenit</span> <span class='ocrx_word' id='word_1_25' title='bbox 452 658 485 712; x_wconf 90' lang='lat' dir='ltr'>et</span> <span class='ocrx_word' id='word_1_26' title='bbox 506 649 587 711; x_wconf 93' lang='lat' dir='ltr'>mihi</span> <span class='ocrx_word' id='word_1_27' title='bbox 605 650 771 712; x_wconf 60' lang='lat' dir='ltr'>nuntiavit</span> <span class='ocrx_word' id='word_1_28' title='bbox 794 651 839 712; x_wconf 91' lang='lat' dir='ltr'>M.</span> <span class='ocrx_word' id='word_1_29' title='bbox 865 649 1071 726; x_wconf 75' lang='lat' dir='ltr'>Marcellum,</span> <span class='ocrx_word' id='word_1_30' title='bbox 1089 649 1262 730; x_wconf 76' lang='lat' dir='ltr'>conlegam</span> 
     </span>
     <span class='ocr_line' id='line_1_5' title="bbox 213 762 1264 844; baseline 0.001 -21"><span class='ocrx_word' id='word_1_31' title='bbox 213 771 372 837; x_wconf 90' lang='lat' dir='ltr'>nostrum,</span> <span class='ocrx_word' id='word_1_32' title='bbox 387 771 463 843; x_wconf 91' lang='lat' dir='ltr'>post</span> <span class='ocrx_word' id='word_1_33' title='bbox 479 769 583 824; x_wconf 79' lang='lat' dir='ltr'>cenae</span> <span class='ocrx_word' id='word_1_34' title='bbox 599 771 733 844; x_wconf 88' lang='lat' dir='ltr'>tempus</span> <span class='ocrx_word' id='word_1_35' title='bbox 750 783 769 825; x_wconf 88' lang='lat' dir='ltr'>a</span> <span class='ocrx_word' id='word_1_36' title='bbox 787 763 819 824; x_wconf 90' lang='lat' dir='ltr'>P.</span> <span class='ocrx_word' id='word_1_37' title='bbox 836 762 952 843; x_wconf 82' lang='lat' dir='ltr'>Magio</span> <span class='ocrx_word' id='word_1_38' title='bbox 969 763 1093 838; x_wconf 79' lang='lat' dir='ltr'>Cilone,</span> <span class='ocrx_word' id='word_1_39' title='bbox 1108 762 1264 825; x_wconf 75' lang='lat' dir='ltr'>familiari</span> 
     </span>
     <span class='ocr_line' id='line_1_6' title="bbox 213 874 1314 956; baseline 0.004 -20"><span class='ocrx_word' id='word_1_40' title='bbox 213 875 293 950; x_wconf 82' lang='lat' dir='ltr'>eius,</span> <span class='ocrx_word' id='word_1_41' title='bbox 311 874 457 956; x_wconf 80' lang='lat' dir='ltr'>pugione</span> <span class='ocrx_word' id='word_1_42' title='bbox 474 895 669 956; x_wconf 91' lang='lat' dir='ltr'>percussum</span> <span class='ocrx_word' id='word_1_43' title='bbox 691 894 765 938; x_wconf 93' lang='lat' dir='ltr'>esse</span> <span class='ocrx_word' id='word_1_44' title='bbox 788 884 821 937; x_wconf 92' lang='lat' dir='ltr'>et</span> <span class='ocrx_word' id='word_1_45' title='bbox 842 875 908 938; x_wconf 93' lang='lat' dir='ltr'>duo</span> <span class='ocrx_word' id='word_1_46' title='bbox 924 875 1062 937; x_wconf 90' lang='lat' dir='ltr'>vulnera</span> <span class='ocrx_word' id='word_1_47' title='bbox 1083 875 1261 956; x_wconf 76' lang='lat' dir='ltr'>accepisse,</span> <span class='ocrx_word' id='word_1_48' title='bbox 1289 893 1314 940; x_wconf 83' lang='lat'>15</span> 
     </span>
     <span class='ocr_line' id='line_1_7' title="bbox 214 987 1261 1068; baseline 0.001 -20"><span class='ocrx_word' id='word_1_49' title='bbox 214 995 315 1049; x_wconf 80' lang='lat' dir='ltr'>smum</span> <span class='ocrx_word' id='word_1_50' title='bbox 332 987 365 1048; x_wconf 93' lang='lat' dir='ltr'>in</span> <span class='ocrx_word' id='word_1_51' title='bbox 383 987 563 1063; x_wconf 79' lang='lat' dir='ltr'>stomacho,</span> <span class='ocrx_word' id='word_1_52' title='bbox 582 987 723 1050; x_wconf 88' lang='lat' dir='ltr'>alterum</span> <span class='ocrx_word' id='word_1_53' title='bbox 739 987 773 1050; x_wconf 93' lang='lat' dir='ltr'>in</span> <span class='ocrx_word' id='word_1_54' title='bbox 792 987 901 1068; x_wconf 89' lang='lat' dir='ltr'>capite</span> <span class='ocrx_word' id='word_1_55' title='bbox 923 987 1107 1050; x_wconf 90' lang='lat' dir='ltr'>secundum</span> <span class='ocrx_word' id='word_1_56' title='bbox 1129 1007 1243 1050; x_wconf 90' lang='lat' dir='ltr'>aurem</span> <span class='ocrx_word' id='word_1_57' title='bbox 1254 1009 1261 1063; x_wconf 90' lang='lat'>;</span> 
     </span>
     <span class='ocr_line' id='line_1_8' title="bbox 213 1099 1262 1182; baseline 0 -20"><span class='ocrx_word' id='word_1_58' title='bbox 213 1105 348 1181; x_wconf 75' lang='lat' dir='ltr'>sperare</span> <span class='ocrx_word' id='word_1_59' title='bbox 374 1109 487 1162; x_wconf 92' lang='lat' dir='ltr'>tamen</span> <span class='ocrx_word' id='word_1_60' title='bbox 514 1119 590 1162; x_wconf 89' lang='lat' dir='ltr'>eum</span> <span class='ocrx_word' id='word_1_61' title='bbox 617 1109 729 1162; x_wconf 81' lang='lat' dir='ltr'>vivere</span> <span class='ocrx_word' id='word_1_62' title='bbox 756 1120 857 1182; x_wconf 91' lang='lat' dir='ltr'>posse</span> <span class='ocrx_word' id='word_1_63' title='bbox 867 1121 874 1176; x_wconf 91' lang='lat'>;</span> <span class='ocrx_word' id='word_1_64' title='bbox 908 1100 1059 1181; x_wconf 85' lang='lat' dir='ltr'>Magium</span> <span class='ocrx_word' id='word_1_65' title='bbox 1090 1107 1126 1162; x_wconf 78' lang='lat' dir='ltr'>se</span> <span class='ocrx_word' id='word_1_66' title='bbox 1152 1099 1262 1181; x_wconf 91' lang='lat' dir='ltr'>ipsum</span> 
     </span>
     <span class='ocr_line' id='line_1_9' title="bbox 212 1198 1262 1293; baseline 0.001 -20"><span class='ocrx_word' id='word_1_67' title='bbox 212 1210 420 1274; x_wconf 77' lang='lat' dir='ltr'>interfecisse</span> <span class='ocrx_word' id='word_1_68' title='bbox 441 1219 576 1293; x_wconf 70' lang='lat' dir='ltr'>postea;</span> <span class='ocrx_word' id='word_1_69' title='bbox 602 1219 677 1274; x_wconf 74' lang='lat' dir='ltr'>sea</span> <span class='ocrx_word' id='word_1_70' title='bbox 700 1212 861 1275; x_wconf 78' lang='lat' dir='ltr'>Marcello</span> <span class='ocrx_word' id='word_1_71' title='bbox 884 1212 926 1275; x_wconf 87' lang='lat' dir='ltr'>ad</span> <span class='ocrx_word' id='word_1_72' title='bbox 950 1219 1003 1275; x_wconf 80' lang='lat' dir='ltr'>me</span> <span class='ocrx_word' id='word_1_73' title='bbox 1026 1212 1164 1274; x_wconf 92' lang='lat' dir='ltr'>missum</span> <span class='ocrx_word' id='word_1_74' title='bbox 1189 1198 1262 1275; x_wconf 84' lang='lat' dir='ltr'>esse</span> 
     </span>
     <span class='ocr_line' id='line_1_10' title="bbox 213 1324 1260 1406; baseline 0.001 -21"><span class='ocrx_word' id='word_1_75' title='bbox 213 1333 269 1406; x_wconf 83' lang='lat' dir='ltr'>qui</span> <span class='ocrx_word' id='word_1_76' title='bbox 290 1325 372 1387; x_wconf 87' lang='lat' dir='ltr'>haec</span> <span class='ocrx_word' id='word_1_77' title='bbox 394 1324 562 1386; x_wconf 76' lang='lat' dir='ltr'>nuntiaret</span> <span class='ocrx_word' id='word_1_78' title='bbox 583 1333 617 1387; x_wconf 92' lang='lat' dir='ltr'>et</span> <span class='ocrx_word' id='word_1_79' title='bbox 637 1331 771 1406; x_wconf 73' lang='lat' dir='ltr'>rogaret</span> <span class='ocrx_word' id='word_1_80' title='bbox 794 1334 842 1387; x_wconf 79' lang='lat' dir='ltr'>uti</span> <span class='ocrx_word' id='word_1_81' title='bbox 865 1324 1010 1388; x_wconf 78' lang='lat' dir='ltr'>medicos</span> <span class='ocrx_word' id='word_1_82' title='bbox 1034 1334 1065 1387; x_wconf 84' lang='lat' dir='ltr'>ei</span> <span class='ocrx_word' id='word_1_83' title='bbox 1087 1325 1260 1388; x_wconf 86' lang='lat' dir='ltr'>mitterem.</span> 
     </span>
     <span class='ocr_line' id='line_1_11' title="bbox 214 1436 1316 1519; baseline -0.003 -21"><span class='ocrx_word' id='word_1_84' title='bbox 214 1437 332 1518; x_wconf 86' lang='lat' dir='ltr'>Itaque</span> <span class='ocrx_word' id='word_1_85' title='bbox 360 1436 506 1500; x_wconf 81' lang='lat' dir='ltr'>medicos</span> <span class='ocrx_word' id='word_1_86' title='bbox 533 1444 629 1518; x_wconf 76' lang='lat' dir='ltr'>coegi</span> <span class='ocrx_word' id='word_1_87' title='bbox 655 1446 688 1500; x_wconf 92' lang='lat' dir='ltr'>et</span> <span class='ocrx_word' id='word_1_88' title='bbox 715 1436 899 1518; x_wconf 76' lang='lat' dir='ltr'>evestigio</span> <span class='ocrx_word' id='word_1_89' title='bbox 925 1444 966 1500; x_wconf 81' lang='lat' dir='ltr'>eo</span> <span class='ocrx_word' id='word_1_90' title='bbox 992 1457 1065 1500; x_wconf 93' lang='lat' dir='ltr'>sum</span> <span class='ocrx_word' id='word_1_91' title='bbox 1091 1437 1262 1519; x_wconf 84' lang='lat' dir='ltr'>proiectus</span> <span class='ocrx_word' id='word_1_92' title='bbox 1287 1463 1316 1495; x_wconf 83' lang='lat'>20</span> 
     </span>
     <span class='ocr_line' id='line_1_12' title="bbox 212 1549 1264 1632; baseline 0.002 -22"><span class='ocrx_word' id='word_1_93' title='bbox 212 1556 319 1631; x_wconf 75' lang='lat' dir='ltr'>prima</span> <span class='ocrx_word' id='word_1_94' title='bbox 343 1549 425 1612; x_wconf 79' lang='lat' dir='ltr'>luce.</span> <span class='ocrx_word' id='word_1_95' title='bbox 475 1551 559 1614; x_wconf 88' lang='lat' dir='ltr'>Cum</span> <span class='ocrx_word' id='word_1_96' title='bbox 587 1557 653 1612; x_wconf 81' lang='lat' dir='ltr'>n6n</span> <span class='ocrx_word' id='word_1_97' title='bbox 681 1549 779 1630; x_wconf 77' lang='lat' dir='ltr'>longe</span> <span class='ocrx_word' id='word_1_98' title='bbox 806 1557 826 1612; x_wconf 75' lang='lat' dir='ltr'>a</span> <span class='ocrx_word' id='word_1_99' title='bbox 853 1550 969 1612; x_wconf 66' lang='lat' dir='ltr'>Pirae&amp;</span> <span class='ocrx_word' id='word_1_100' title='bbox 992 1549 1154 1626; x_wconf 86' lang='lat' dir='ltr'>abessem,</span> <span class='ocrx_word' id='word_1_101' title='bbox 1180 1569 1264 1632; x_wconf 91' lang='lat' dir='ltr'>puer</span> 
     </span>
     <span class='ocr_line' id='line_1_13' title="bbox 213 1660 1263 1743; baseline 0 -19"><span class='ocrx_word' id='word_1_102' title='bbox 213 1661 348 1724; x_wconf 83' lang='lat' dir='ltr'>Acidim</span> <span class='ocrx_word' id='word_1_103' title='bbox 364 1661 494 1724; x_wconf 89' lang='lat' dir='ltr'>obviam</span> <span class='ocrx_word' id='word_1_104' title='bbox 512 1661 594 1723; x_wconf 92' lang='lat' dir='ltr'>mihi</span> <span class='ocrx_word' id='word_1_105' title='bbox 609 1661 700 1724; x_wconf 79' lang='lat' dir='ltr'>venit</span> <span class='ocrx_word' id='word_1_106' title='bbox 717 1682 790 1724; x_wconf 93' lang='lat' dir='ltr'>cum</span> <span class='ocrx_word' id='word_1_107' title='bbox 812 1660 978 1737; x_wconf 78' lang='lat' dir='ltr'>codicillis,</span> <span class='ocrx_word' id='word_1_108' title='bbox 996 1661 1030 1723; x_wconf 93' lang='lat' dir='ltr'>in</span> <span class='ocrx_word' id='word_1_109' title='bbox 1052 1661 1171 1743; x_wconf 92' lang='lat' dir='ltr'>quibus</span> <span class='ocrx_word' id='word_1_110' title='bbox 1192 1671 1263 1725; x_wconf 89' lang='lat' dir='ltr'>erat</span> 
     </span>
     <span class='ocr_line' id='line_1_14' title="bbox 213 1773 1260 1856; baseline 0 -20"><span class='ocrx_word' id='word_1_111' title='bbox 213 1783 373 1856; x_wconf 80' lang='lat' dir='ltr'>scriptum</span> <span class='ocrx_word' id='word_1_112' title='bbox 386 1774 487 1856; x_wconf 80' lang='lat' dir='ltr'>paulo</span> <span class='ocrx_word' id='word_1_113' title='bbox 500 1783 577 1836; x_wconf 90' lang='lat' dir='ltr'>ante</span> <span class='ocrx_word' id='word_1_114' title='bbox 590 1775 699 1837; x_wconf 76' lang='lat' dir='ltr'>lucem</span> <span class='ocrx_word' id='word_1_115' title='bbox 714 1774 911 1837; x_wconf 74' lang='lat' dir='ltr'>Marcellum</span> <span class='ocrx_word' id='word_1_116' title='bbox 925 1773 1011 1836; x_wconf 92' lang='lat' dir='ltr'>diem</span> <span class='ocrx_word' id='word_1_117' title='bbox 1029 1795 1126 1836; x_wconf 90' lang='lat' dir='ltr'>suum</span> <span class='ocrx_word' id='word_1_118' title='bbox 1142 1774 1260 1838; x_wconf 77' lang='lat' dir='ltr'>obisse.</span> 
     </span>
     <span class='ocr_line' id='line_1_15' title="bbox 214 1885 1263 1950; baseline 0 -2"><span class='ocrx_word' id='word_1_119' title='bbox 214 1885 266 1948; x_wconf 82' lang='lat' dir='ltr'>Ita</span> <span class='ocrx_word' id='word_1_120' title='bbox 292 1886 342 1949; x_wconf 92' lang='lat' dir='ltr'>vir</span> <span class='ocrx_word' id='word_1_121' title='bbox 369 1887 572 1950; x_wconf 72' lang='lat' dir='ltr'>clarissimus</span> <span class='ocrx_word' id='word_1_122' title='bbox 603 1887 645 1949; x_wconf 88' lang='lat' dir='ltr'>ab</span> <span class='ocrx_word' id='word_1_123' title='bbox 677 1887 811 1950; x_wconf 91' lang='lat' dir='ltr'>homine</span> <span class='ocrx_word' id='word_1_124' title='bbox 842 1886 1020 1949; x_wconf 68' lang='lat' dir='ltr'>dcterrimo</span> <span class='ocrx_word' id='word_1_125' title='bbox 1050 1886 1263 1950; x_wconf 74' lang='lat' dir='ltr'>acerbissima</span> 
     </span>
     <span class='ocr_line' id='line_1_16' title="bbox 212 1999 1315 2082; baseline -0.001 -21"><span class='ocrx_word' id='word_1_126' title='bbox 212 2008 318 2062; x_wconf 91' lang='lat' dir='ltr'>morte</span> <span class='ocrx_word' id='word_1_127' title='bbox 345 2008 396 2062; x_wconf 89' lang='lat' dir='ltr'>est</span> <span class='ocrx_word' id='word_1_128' title='bbox 423 1999 585 2076; x_wconf 83' lang='lat' dir='ltr'>adfectus,</span> <span class='ocrx_word' id='word_1_129' title='bbox 611 2009 645 2062; x_wconf 93' lang='lat' dir='ltr'>et</span> <span class='ocrx_word' id='word_1_130' title='bbox 671 1999 724 2062; x_wconf 93' lang='lat' dir='ltr'>cui</span> <span class='ocrx_word' id='word_1_131' title='bbox 751 1999 874 2062; x_wconf 78' lang='lat' dir='ltr'>inimici</span> <span class='ocrx_word' id='word_1_132' title='bbox 901 2008 1037 2082; x_wconf 91' lang='lat' dir='ltr'>propter</span> <span class='ocrx_word' id='word_1_133' title='bbox 1065 1999 1262 2080; x_wconf 74' lang='lat' dir='ltr'>dignitatem</span> <span class='ocrx_word' id='word_1_134' title='bbox 1288 2021 1315 2068; x_wconf 82' lang='lat'>25</span> 
     </span>
     <span class='ocr_line' id='line_1_17' title="bbox 212 2112 1260 2194; baseline 0 -20"><span class='ocrx_word' id='word_1_135' title='bbox 212 2121 440 2194; x_wconf 84' lang='lat' dir='ltr'>pepercerant,</span> <span class='ocrx_word' id='word_1_136' title='bbox 458 2112 613 2175; x_wconf 91' lang='lat' dir='ltr'>inventus</span> <span class='ocrx_word' id='word_1_137' title='bbox 630 2122 681 2175; x_wconf 92' lang='lat' dir='ltr'>est</span> <span class='ocrx_word' id='word_1_138' title='bbox 697 2123 822 2176; x_wconf 80' lang='lat' dir='ltr'>amicus</span> <span class='ocrx_word' id='word_1_139' title='bbox 839 2122 895 2194; x_wconf 86' lang='lat' dir='ltr'>qui</span> <span class='ocrx_word' id='word_1_140' title='bbox 911 2121 942 2174; x_wconf 85' lang='lat' dir='ltr'>ei</span> <span class='ocrx_word' id='word_1_141' title='bbox 957 2121 1098 2174; x_wconf 89' lang='lat' dir='ltr'>mortem</span> <span class='ocrx_word' id='word_1_142' title='bbox 1115 2112 1260 2175; x_wconf 82' lang='lat' dir='ltr'>offerret.</span> 
     </span>
     <span class='ocr_line' id='line_1_18' title="bbox 213 2224 1262 2306; baseline 0.002 -20"><span class='ocrx_word' id='word_1_143' title='bbox 213 2224 288 2304; x_wconf 85' lang='lat' dir='ltr'>Ego</span> <span class='ocrx_word' id='word_1_144' title='bbox 304 2233 416 2287; x_wconf 89' lang='lat' dir='ltr'>tamen</span> <span class='ocrx_word' id='word_1_145' title='bbox 433 2225 475 2286; x_wconf 89' lang='lat' dir='ltr'>ad</span> <span class='ocrx_word' id='word_1_146' title='bbox 491 2225 743 2288; x_wconf 77' lang='lat' dir='ltr'>tabernaculum</span> <span class='ocrx_word' id='word_1_147' title='bbox 763 2225 832 2287; x_wconf 80' lang='lat' dir='ltr'>eius</span> <span class='ocrx_word' id='word_1_148' title='bbox 854 2231 991 2306; x_wconf 77' lang='lat' dir='ltr'>perrexi.</span> <span class='ocrx_word' id='word_1_149' title='bbox 1041 2224 1159 2286; x_wconf 78' lang='lat' dir='ltr'>Inveni</span> <span class='ocrx_word' id='word_1_150' title='bbox 1179 2225 1262 2288; x_wconf 79' lang='lat' dir='ltr'>duos</span> 
     </span>
     <span class='ocr_line' id='line_1_19' title="bbox 211 2336 1263 2419; baseline 0.002 -21"><span class='ocrx_word' id='word_1_151' title='bbox 211 2336 347 2399; x_wconf 79' lang='lat' dir='ltr'>libertos</span> <span class='ocrx_word' id='word_1_152' title='bbox 363 2346 397 2399; x_wconf 92' lang='lat' dir='ltr'>et</span> <span class='ocrx_word' id='word_1_153' title='bbox 412 2337 572 2418; x_wconf 70' lang='lat' dir='ltr'>pauculcs</span> <span class='ocrx_word' id='word_1_154' title='bbox 592 2345 726 2415; x_wconf 77' lang='lat' dir='ltr'>servos3</span> <span class='ocrx_word' id='word_1_155' title='bbox 750 2337 895 2419; x_wconf 82' lang='lat' dir='ltr'>reliquos</span> <span class='ocrx_word' id='word_1_156' title='bbox 917 2336 1050 2399; x_wconf 77' lang='lat' dir='ltr'>aiebant</span> <span class='ocrx_word' id='word_1_157' title='bbox 1072 2337 1263 2419; x_wconf 79' lang='lat' dir='ltr'>profugisse</span> 
     </span>
     <span class='ocr_line' id='line_1_20' title="bbox 211 2449 1263 2532; baseline 0.002 -21"><span class='ocrx_word' id='word_1_158' title='bbox 211 2457 301 2512; x_wconf 76' lang='lat' dir='ltr'>metu</span> <span class='ocrx_word' id='word_1_159' title='bbox 326 2449 519 2532; x_wconf 81' lang='lat' dir='ltr'>perterritos</span> <span class='ocrx_word' id='word_1_160' title='bbox 544 2449 632 2532; x_wconf 91' lang='lat' dir='ltr'>quod</span> <span class='ocrx_word' id='word_1_161' title='bbox 655 2450 810 2513; x_wconf 91' lang='lat' dir='ltr'>dominus</span> <span class='ocrx_word' id='word_1_162' title='bbox 834 2458 949 2513; x_wconf 78' lang='lat' dir='ltr'>eorum</span> <span class='ocrx_word' id='word_1_163' title='bbox 971 2458 1049 2512; x_wconf 89' lang='lat' dir='ltr'>ante</span> <span class='ocrx_word' id='word_1_164' title='bbox 1069 2450 1263 2513; x_wconf 74' lang='lat' dir='ltr'>tabernacu-</span> 
     </span>
     <span class='ocr_line' id='line_1_21' title="bbox 211 2561 1316 2629; baseline 0.005 -5"><span class='ocrx_word' id='word_1_165' title='bbox 211 2562 278 2625; x_wconf 93' lang='lat' dir='ltr'>lum</span> <span class='ocrx_word' id='word_1_166' title='bbox 295 2562 492 2626; x_wconf 86' lang='lat' dir='ltr'>interiectus</span> <span class='ocrx_word' id='word_1_167' title='bbox 510 2572 607 2626; x_wconf 90' lang='lat' dir='ltr'>esset.</span> <span class='ocrx_word' id='word_1_168' title='bbox 641 2561 785 2626; x_wconf 73' lang='lat' dir='ltr'>Coactus</span> <span class='ocrx_word' id='word_1_169' title='bbox 802 2583 875 2625; x_wconf 93' lang='lat' dir='ltr'>sum</span> <span class='ocrx_word' id='word_1_170' title='bbox 891 2561 925 2624; x_wconf 92' lang='lat' dir='ltr'>in</span> <span class='ocrx_word' id='word_1_171' title='bbox 942 2563 1060 2625; x_wconf 75' lang='lat' dir='ltr'>eadem</span> <span class='ocrx_word' id='word_1_172' title='bbox 1076 2561 1130 2625; x_wconf 78' lang='lat' dir='ltr'>illa</span> <span class='ocrx_word' id='word_1_173' title='bbox 1146 2563 1263 2626; x_wconf 75' lang='lat' dir='ltr'>lectica</span> <span class='ocrx_word' id='word_1_174' title='bbox 1286 2585 1316 2629; x_wconf 82' lang='lat'>30</span> 
     </span>
    </p>
   </div>
   <div class='ocr_carea' id='block_1_3' title="bbox 211 2675 1262 2758">
    <p class='ocr_par' dir='ltr' id='par_1_3' title="bbox 211 2675 1262 2758">
     <span class='ocr_line' id='line_1_22' title="bbox 211 2675 1262 2758; baseline -0.001 -20"><span class='ocrx_word' id='word_1_175' title='bbox 211 2683 276 2758; x_wconf 74' lang='lat' dir='ltr'>qua</span> <span class='ocrx_word' id='word_1_176' title='bbox 291 2675 363 2758; x_wconf 93' lang='lat' dir='ltr'>ipse</span> <span class='ocrx_word' id='word_1_177' title='bbox 380 2676 510 2738; x_wconf 74' lang='lat' dir='ltr'>delatus</span> <span class='ocrx_word' id='word_1_178' title='bbox 526 2696 616 2738; x_wconf 90' lang='lat' dir='ltr'>eram</span> <span class='ocrx_word' id='word_1_179' title='bbox 632 2685 782 2758; x_wconf 79' lang='lat' dir='ltr'>meisque</span> <span class='ocrx_word' id='word_1_180' title='bbox 798 2675 973 2738; x_wconf 71' lang='lat' dir='ltr'>lecticariis</span> <span class='ocrx_word' id='word_1_181' title='bbox 992 2675 1026 2738; x_wconf 93' lang='lat' dir='ltr'>in</span> <span class='ocrx_word' id='word_1_182' title='bbox 1048 2676 1163 2738; x_wconf 92' lang='lat' dir='ltr'>urbem</span> <span class='ocrx_word' id='word_1_183' title='bbox 1185 2696 1262 2739; x_wconf 92' lang='lat' dir='ltr'>eum</span> 
     </span>
    </p>
   </div>
   <div class='ocr_carea' id='block_1_4' title="bbox 158 2870 1338 3834">
    <p class='ocr_par' dir='ltr' id='par_1_4' title="bbox 158 2870 1338 3834">
     <span class='ocr_line' id='line_1_23' title="bbox 158 2870 1262 2936; baseline 0.002 -16"><span class='ocrx_word' id='word_1_184' title='bbox 158 2915 162 2925; x_wconf 86' lang='lat'><em>.</em></span> <span class='ocrx_word' id='word_1_185' title='bbox 210 2872 253 2920; x_wconf 90' lang='lat' dir='ltr'>the</span> <span class='ocrx_word' id='word_1_186' title='bbox 276 2888 364 2921; x_wconf 89' lang='lat' dir='ltr'>names</span> <span class='ocrx_word' id='word_1_187' title='bbox 383 2872 412 2921; x_wconf 85' lang='lat' dir='ltr'>of</span> <span class='ocrx_word' id='word_1_188' title='bbox 432 2879 512 2922; x_wconf 82' lang='lat' dir='ltr'>towns</span> <span class='ocrx_word' id='word_1_189' title='bbox 532 2873 583 2922; x_wconf 89' lang='lat' dir='ltr'>and</span> <span class='ocrx_word' id='word_1_190' title='bbox 605 2873 634 2921; x_wconf 84' lang='lat' dir='ltr'>of</span> <span class='ocrx_word' id='word_1_191' title='bbox 653 2872 725 2921; x_wconf 88' lang='lat' dir='ltr'>small</span> <span class='ocrx_word' id='word_1_192' title='bbox 751 2879 812 2921; x_wconf 81' lang='lat' dir='ltr'>note.</span> <span class='ocrx_word' id='word_1_193' title='bbox 847 2883 886 2936; x_wconf 85' lang='lat'>25.</span> <span class='ocrx_word' id='word_1_194' title='bbox 898 2870 1017 2922; x_wconf 87' lang='lat' dir='ltr'>inimici:</span> <span class='ocrx_word' id='word_1_195' title='bbox 1035 2872 1127 2921; x_wconf 86' lang='lat' dir='ltr'>Caesar</span> <span class='ocrx_word' id='word_1_196' title='bbox 1138 2872 1159 2921; x_wconf 88' lang='lat' dir='ltr'>is</span> <span class='ocrx_word' id='word_1_197' title='bbox 1170 2880 1262 2922; x_wconf 86' lang='lat' dir='ltr'>meant.</span> 
     </span>
     <span class='ocr_line' id='line_1_24' title="bbox 210 2955 1263 3020; baseline 0 -17"><span class='ocrx_word' id='word_1_198' title='bbox 210 2955 312 3004; x_wconf 89' lang='lat' dir='ltr'>islands.</span> <span class='ocrx_word' id='word_1_199' title='bbox 358 2968 394 3004; x_wconf 89' lang='lat'>12.</span> <span class='ocrx_word' id='word_1_200' title='bbox 419 2955 548 3006; x_wconf 85' lang='lat' dir='ltr'>circiter.</span> <span class='ocrx_word' id='word_1_201' title='bbox 571 2991 576 3004; x_wconf 93' lang='lat'>.</span> <span class='ocrx_word' id='word_1_202' title='bbox 600 2991 605 3004; x_wconf 92' lang='lat'><em>.</em></span> <span class='ocrx_word' id='word_1_203' title='bbox 628 2955 724 3014; x_wconf 85' lang='lat' dir='ltr'>noctis,</span> <span class='ocrx_word' id='word_1_204' title='bbox 751 2967 789 3020; x_wconf 87' lang='lat'>27.</span> <span class='ocrx_word' id='word_1_205' title='bbox 807 2955 908 3014; x_wconf 79' lang='lat' dir='ltr'>tamen,</span> <span class='ocrx_word' id='word_1_206' title='bbox 920 2955 959 3004; x_wconf 90' lang='lat' dir='ltr'>i.e.</span> <span class='ocrx_word' id='word_1_207' title='bbox 975 2955 1097 3018; x_wconf 83' lang='lat' dir='ltr'>although</span> <span class='ocrx_word' id='word_1_208' title='bbox 1109 2955 1129 3004; x_wconf 89' lang='lat' dir='ltr'>it</span> <span class='ocrx_word' id='word_1_209' title='bbox 1140 2971 1190 3003; x_wconf 87' lang='lat' dir='ltr'>was</span> <span class='ocrx_word' id='word_1_210' title='bbox 1206 2971 1263 3004; x_wconf 90' lang='lat' dir='ltr'>now</span> 
     </span>
     <span class='ocr_line' id='line_1_25' title="bbox 209 3037 1261 3088; baseline 0.002 -2"><span class='ocrx_word' id='word_1_211' title='bbox 209 3038 252 3086; x_wconf 92' lang='lat' dir='ltr'>i.e.</span> <span class='ocrx_word' id='word_1_212' title='bbox 271 3039 387 3087; x_wconf 85' lang='lat' dir='ltr'>between</span> <span class='ocrx_word' id='word_1_213' title='bbox 406 3045 455 3087; x_wconf 93' lang='lat' dir='ltr'>two</span> <span class='ocrx_word' id='word_1_214' title='bbox 474 3040 525 3088; x_wconf 89' lang='lat' dir='ltr'>and</span> <span class='ocrx_word' id='word_1_215' title='bbox 545 3039 615 3088; x_wconf 87' lang='lat' dir='ltr'>three</span> <span class='ocrx_word' id='word_1_216' title='bbox 635 3039 661 3087; x_wconf 92' lang='lat' dir='ltr'>in</span> <span class='ocrx_word' id='word_1_217' title='bbox 680 3039 723 3087; x_wconf 91' lang='lat' dir='ltr'>the</span> <span class='ocrx_word' id='word_1_218' title='bbox 750 3044 793 3086; x_wconf 91' lang='lat' dir='ltr'>too</span> <span class='ocrx_word' id='word_1_219' title='bbox 802 3037 851 3087; x_wconf 86' lang='lat' dir='ltr'>late</span> <span class='ocrx_word' id='word_1_220' title='bbox 861 3044 888 3086; x_wconf 95' lang='lat' dir='ltr'>to</span> <span class='ocrx_word' id='word_1_221' title='bbox 897 3039 928 3086; x_wconf 90' lang='lat' dir='ltr'>be</span> <span class='ocrx_word' id='word_1_222' title='bbox 938 3037 967 3086; x_wconf 83' lang='lat' dir='ltr'>of</span> <span class='ocrx_word' id='word_1_223' title='bbox 976 3039 1069 3086; x_wconf 87' lang='lat' dir='ltr'>service</span> <span class='ocrx_word' id='word_1_224' title='bbox 1081 3044 1107 3086; x_wconf 87' lang='lat' dir='ltr'>to</span> <span class='ocrx_word' id='word_1_225' title='bbox 1120 3038 1261 3088; x_wconf 73' lang='lat' dir='ltr'>Marcellus</span> 
     </span>
     <span class='ocr_line' id='line_1_26' title="bbox 210 3121 1338 3185; baseline 0.002 -17"><span class='ocrx_word' id='word_1_226' title='bbox 210 3121 333 3184; x_wconf 85' lang='lat' dir='ltr'>morning.</span> <span class='ocrx_word' id='word_1_227' title='bbox 377 3135 414 3183; x_wconf 88' lang='lat'>14.</span> <span class='ocrx_word' id='word_1_228' title='bbox 432 3133 513 3172; x_wconf 85' lang='lat' dir='ltr'>cenae</span> <span class='ocrx_word' id='word_1_229' title='bbox 531 3121 655 3185; x_wconf 77' lang='lat' dir='ltr'>tempus:</span> <span class='ocrx_word' id='word_1_230' title='bbox 680 3122 723 3170; x_wconf 91' lang='lat' dir='ltr'>the</span> <span class='ocrx_word' id='word_1_231' title='bbox 749 3121 1084 3180; x_wconf 82' lang='lat' dir='ltr'>-tahernaculum,tent,·</span> <span class='ocrx_word' id='word_1_232' title='bbox 1102 3121 1145 3169; x_wconf 90' lang='lat' dir='ltr'>the</span> <span class='ocrx_word' id='word_1_233' title='bbox 1162 3121 1262 3170; x_wconf 87' lang='lat' dir='ltr'>Piraeus</span> <span class='ocrx_word' id='word_1_234' title='bbox 1334 3125 1338 3134; x_wconf 87' lang='lat'><em>&#39;</em></span> 
     </span>
     <span class='ocr_line' id='line_1_27' title="bbox 210 3203 1261 3269; baseline 0.001 -18"><span class='ocrx_word' id='word_1_235' title='bbox 210 3204 299 3252; x_wconf 88' lang='lat' dir='ltr'>dinner</span> <span class='ocrx_word' id='word_1_236' title='bbox 311 3205 374 3252; x_wconf 87' lang='lat' dir='ltr'>honr</span> <span class='ocrx_word' id='word_1_237' title='bbox 386 3211 411 3253; x_wconf 87' lang='lat' dir='ltr'>at</span> <span class='ocrx_word' id='word_1_238' title='bbox 425 3206 505 3253; x_wconf 91' lang='lat' dir='ltr'>Rome</span> <span class='ocrx_word' id='word_1_239' title='bbox 515 3221 565 3253; x_wconf 90' lang='lat' dir='ltr'>was</span> <span class='ocrx_word' id='word_1_240' title='bbox 577 3205 723 3269; x_wconf 85' lang='lat' dir='ltr'>apparently</span> <span class='ocrx_word' id='word_1_241' title='bbox 749 3219 799 3252; x_wconf 89' lang='lat' dir='ltr'>was</span> <span class='ocrx_word' id='word_1_242' title='bbox 816 3220 873 3252; x_wconf 91' lang='lat' dir='ltr'>now</span> <span class='ocrx_word' id='word_1_243' title='bbox 890 3205 917 3252; x_wconf 91' lang='lat' dir='ltr'>in</span> <span class='ocrx_word' id='word_1_244' title='bbox 935 3203 1010 3252; x_wconf 91' lang='lat' dir='ltr'>ruins.</span> <span class='ocrx_word' id='word_1_245' title='bbox 1051 3216 1089 3264; x_wconf 88' lang='lat'>29.</span> <span class='ocrx_word' id='word_1_246' title='bbox 1110 3203 1186 3253; x_wconf 85' lang='lat' dir='ltr'>metu</span> <span class='ocrx_word' id='word_1_247' title='bbox 1204 3239 1210 3253; x_wconf 92' lang='lat'>.</span> <span class='ocrx_word' id='word_1_248' title='bbox 1230 3241 1236 3252; x_wconf 90' lang='lat'><strong><em>.</em></strong></span> <span class='ocrx_word' id='word_1_249' title='bbox 1256 3241 1261 3252; x_wconf 94' lang='lat'>.</span> 
     </span>
     <span class='ocr_line' id='line_1_28' title="bbox 209 3287 1262 3352; baseline 0.001 -18"><span class='ocrx_word' id='word_1_250' title='bbox 209 3287 286 3334; x_wconf 87' lang='lat' dir='ltr'>about</span> <span class='ocrx_word' id='word_1_251' title='bbox 299 3287 418 3351; x_wconf 88' lang='lat' dir='ltr'>half-past</span> <span class='ocrx_word' id='word_1_252' title='bbox 431 3289 508 3336; x_wconf 87' lang='lat' dir='ltr'>three.</span> <span class='ocrx_word' id='word_1_253' title='bbox 549 3299 586 3352; x_wconf 87' lang='lat'>15.</span> <span class='ocrx_word' id='word_1_254' title='bbox 598 3287 722 3352; x_wconf 82' lang='lat' dir='ltr'>pugione,</span> <span class='ocrx_word' id='word_1_255' title='bbox 749 3287 839 3336; x_wconf 84' lang='lat' dir='ltr'>esset:</span> <span class='ocrx_word' id='word_1_256' title='bbox 865 3287 898 3350; x_wconf 89' lang='lat' dir='ltr'>by</span> <span class='ocrx_word' id='word_1_257' title='bbox 919 3287 1018 3335; x_wconf 89' lang='lat' dir='ltr'>Roman</span> <span class='ocrx_word' id='word_1_258' title='bbox 1039 3287 1086 3334; x_wconf 88' lang='lat' dir='ltr'>law</span> <span class='ocrx_word' id='word_1_259' title='bbox 1106 3287 1185 3335; x_wconf 88' lang='lat' dir='ltr'>slaves</span> <span class='ocrx_word' id='word_1_260' title='bbox 1204 3287 1262 3335; x_wconf 92' lang='lat' dir='ltr'>who</span> 
     </span>
     <span class='ocr_line' id='line_1_29' title="bbox 209 3369 1263 3436; baseline 0.001 -19"><span class='ocrx_word' id='word_1_261' title='bbox 209 3370 306 3434; x_wconf 78' lang='lat' dir='ltr'>dagger.</span> <span class='ocrx_word' id='word_1_262' title='bbox 344 3371 381 3420; x_wconf 83' lang='lat'>16.</span> <span class='ocrx_word' id='word_1_263' title='bbox 394 3371 548 3428; x_wconf 83' lang='lat' dir='ltr'>secundum,</span> <span class='ocrx_word' id='word_1_264' title='bbox 553 3371 613 3436; x_wconf 85' lang='lat' dir='ltr'>just</span> <span class='ocrx_word' id='word_1_265' title='bbox 622 3371 719 3420; x_wconf 78' lang='lat' dir='ltr'>behind.</span> <span class='ocrx_word' id='word_1_266' title='bbox 749 3386 813 3418; x_wconf 90' lang='lat' dir='ltr'>were</span> <span class='ocrx_word' id='word_1_267' title='bbox 826 3375 926 3434; x_wconf 89' lang='lat' dir='ltr'>present</span> <span class='ocrx_word' id='word_1_268' title='bbox 938 3377 963 3418; x_wconf 90' lang='lat' dir='ltr'>at</span> <span class='ocrx_word' id='word_1_269' title='bbox 978 3370 1020 3417; x_wconf 86' lang='lat' dir='ltr'>the</span> <span class='ocrx_word' id='word_1_270' title='bbox 1037 3371 1138 3419; x_wconf 87' lang='lat' dir='ltr'>murder</span> <span class='ocrx_word' id='word_1_271' title='bbox 1155 3369 1184 3418; x_wconf 88' lang='lat' dir='ltr'>of</span> <span class='ocrx_word' id='word_1_272' title='bbox 1198 3370 1263 3418; x_wconf 89' lang='lat' dir='ltr'>their</span> 
     </span>
     <span class='ocr_line' id='line_1_30' title="bbox 210 3452 1263 3518; baseline 0.001 -18"><span class='ocrx_word' id='word_1_273' title='bbox 210 3465 248 3500; x_wconf 69' lang='lat'>20,</span> <span class='ocrx_word' id='word_1_274' title='bbox 265 3465 281 3502; x_wconf 88' lang='lat' dir='ltr'>e</span> <span class='ocrx_word' id='word_1_275' title='bbox 298 3452 427 3518; x_wconf 85' lang='lat' dir='ltr'>vestigio,</span> <span class='ocrx_word' id='word_1_276' title='bbox 444 3473 468 3496; x_wconf 95' lang='lat'>=</span> <span class='ocrx_word' id='word_1_277' title='bbox 483 3455 576 3512; x_wconf 80' lang='lat' dir='ltr'>statim,</span> <span class='ocrx_word' id='word_1_278' title='bbox 593 3455 719 3502; x_wconf 78' lang='lat' dir='ltr'>continuo.</span> <span class='ocrx_word' id='word_1_279' title='bbox 749 3459 840 3501; x_wconf 89' lang='lat' dir='ltr'>master</span> <span class='ocrx_word' id='word_1_280' title='bbox 863 3469 927 3501; x_wconf 88' lang='lat' dir='ltr'>were</span> <span class='ocrx_word' id='word_1_281' title='bbox 956 3453 1031 3501; x_wconf 90' lang='lat' dir='ltr'>liable</span> <span class='ocrx_word' id='word_1_282' title='bbox 1059 3459 1085 3501; x_wconf 93' lang='lat' dir='ltr'>to</span> <span class='ocrx_word' id='word_1_283' title='bbox 1114 3453 1157 3501; x_wconf 90' lang='lat' dir='ltr'>the</span> <span class='ocrx_word' id='word_1_284' title='bbox 1186 3453 1263 3501; x_wconf 88' lang='lat' dir='ltr'>death</span> 
     </span>
     <span class='ocr_line' id='line_1_31' title="bbox 210 3535 1263 3600; baseline 0.001 -16"><span class='ocrx_word' id='word_1_285' title='bbox 210 3548 249 3584; x_wconf 88' lang='lat'>22.</span> <span class='ocrx_word' id='word_1_286' title='bbox 258 3535 375 3595; x_wconf 81' lang='lat' dir='ltr'>Acidini,</span> <span class='ocrx_word' id='word_1_287' title='bbox 385 3537 506 3600; x_wconf 89' lang='lat' dir='ltr'>probably</span> <span class='ocrx_word' id='word_1_288' title='bbox 516 3537 558 3585; x_wconf 90' lang='lat' dir='ltr'>the</span> <span class='ocrx_word' id='word_1_289' title='bbox 570 3552 655 3600; x_wconf 85' lang='lat' dir='ltr'>young</span> <span class='ocrx_word' id='word_1_290' title='bbox 664 3553 722 3585; x_wconf 91' lang='lat' dir='ltr'>man</span> <span class='ocrx_word' id='word_1_291' title='bbox 749 3536 850 3600; x_wconf 88' lang='lat' dir='ltr'>penalty</span> <span class='ocrx_word' id='word_1_292' title='bbox 870 3552 897 3584; x_wconf 87' lang='lat' dir='ltr'>as</span> <span class='ocrx_word' id='word_1_293' title='bbox 920 3551 1050 3598; x_wconf 88' lang='lat' dir='ltr'>accessory</span> <span class='ocrx_word' id='word_1_294' title='bbox 1073 3543 1099 3584; x_wconf 88' lang='lat' dir='ltr'>to</span> <span class='ocrx_word' id='word_1_295' title='bbox 1123 3536 1166 3584; x_wconf 90' lang='lat' dir='ltr'>the</span> <span class='ocrx_word' id='word_1_296' title='bbox 1189 3537 1263 3585; x_wconf 88' lang='lat' dir='ltr'>deed.</span> 
     </span>
     <span class='ocr_line' id='line_1_32' title="bbox 209 3617 1262 3684; baseline 0 -18"><span class='ocrx_word' id='word_1_297' title='bbox 209 3619 355 3668; x_wconf 89' lang='lat' dir='ltr'>mentioned</span> <span class='ocrx_word' id='word_1_298' title='bbox 369 3620 395 3668; x_wconf 94' lang='lat' dir='ltr'>in</span> <span class='ocrx_word' id='word_1_299' title='bbox 411 3636 426 3668; x_wconf 91' lang='lat' dir='ltr'>a</span> <span class='ocrx_word' id='word_1_300' title='bbox 442 3620 557 3684; x_wconf 88' lang='lat' dir='ltr'>previous</span> <span class='ocrx_word' id='word_1_301' title='bbox 574 3619 646 3668; x_wconf 87' lang='lat' dir='ltr'>letter</span> <span class='ocrx_word' id='word_1_302' title='bbox 664 3635 691 3668; x_wconf 88' lang='lat' dir='ltr'>as</span> <span class='ocrx_word' id='word_1_303' title='bbox 708 3635 723 3668; x_wconf 87' lang='lat' dir='ltr'>a</span> <span class='ocrx_word' id='word_1_304' title='bbox 749 3631 788 3682; x_wconf 83' lang='lat'>31.</span> <span class='ocrx_word' id='word_1_305' title='bbox 806 3618 928 3683; x_wconf 88' lang='lat' dir='ltr'>meisque</span> <span class='ocrx_word' id='word_1_306' title='bbox 946 3617 1100 3677; x_wconf 83' lang='lat' dir='ltr'>lecticariis,</span> <span class='ocrx_word' id='word_1_307' title='bbox 1114 3619 1262 3667; x_wconf 91' lang='lat' dir='ltr'>instrumen-</span> 
     </span>
     <span class='ocr_line' id='line_1_33' title="bbox 208 3701 1259 3767; baseline 0 -17"><span class='ocrx_word' id='word_1_308' title='bbox 208 3703 311 3752; x_wconf 85' lang='lat' dir='ltr'>student</span> <span class='ocrx_word' id='word_1_309' title='bbox 334 3708 360 3752; x_wconf 91' lang='lat' dir='ltr'>at</span> <span class='ocrx_word' id='word_1_310' title='bbox 379 3701 682 3761; x_wconf 82' lang='lat' dir='ltr'>Athens-codicillis,</span> <span class='ocrx_word' id='word_1_311' title='bbox 706 3719 722 3750; x_wconf 84' lang='lat' dir='ltr'>a</span> <span class='ocrx_word' id='word_1_312' title='bbox 749 3702 784 3750; x_wconf 87' lang='lat' dir='ltr'>tal</span> <span class='ocrx_word' id='word_1_313' title='bbox 807 3702 873 3762; x_wconf 88' lang='lat' dir='ltr'>abl.;</span> <span class='ocrx_word' id='word_1_314' title='bbox 907 3703 981 3767; x_wconf 80' lang='lat' dir='ltr'>using</span> <span class='ocrx_word' id='word_1_315' title='bbox 1007 3718 1049 3764; x_wconf 82' lang='lat' dir='ltr'>my</span> <span class='ocrx_word' id='word_1_316' title='bbox 1072 3713 1127 3750; x_wconf 73' lang='lat' dir='ltr'>oron</span> <span class='ocrx_word' id='word_1_317' title='bbox 1153 3702 1259 3751; x_wconf 79' lang='lat' dir='ltr'>hearers.</span> 
     </span>
     <span class='ocr_line' id='line_1_34' title="bbox 374 3785 614 3834; baseline 0 0"><span class='ocrx_word' id='word_1_318' title='bbox 374 3798 431 3834; x_wconf 78' lang='lat' dir='ltr'>cor.</span> <span class='ocrx_word' id='word_1_319' title='bbox 450 3798 484 3834; x_wconf 84' lang='lat' dir='ltr'>or</span> <span class='ocrx_word' id='word_1_320' title='bbox 501 3785 614 3834; x_wconf 85' lang='lat' dir='ltr'>erc—6</span> 
     </span>
    </p>
   </div>
   <div class='ocr_carea' id='block_1_5' title="bbox 0 0 1498 4160">
    <p class='ocr_par' dir='ltr' id='par_1_5' title="bbox 0 0 1498 4160">
     <span class='ocr_line' id='line_1_35' title="bbox 0 0 1498 4160; baseline 0 1"><span class='ocrx_word' id='word_1_321' title='bbox 0 0 1498 4160; x_wconf 95' lang='lat' dir='ltr'> </span> 
     </span>
    </p>
   </div>
  </div>
 </body>
</html>
