2988 4160
242 245 285 308 42
347 220 352 228 ’
497 242 820 292 conansronnancn
842 243 887 292 or
909 243 1044 295 cronno.

219 391 226 398 ’
244 414 399 477 materies
415 415 517 497 digna
532 416 691 478 facultate
706 427 740 479 et
755 417 851 498 copia
866 425 933 479 tua.
981 400 1014 480 Ᾱ
1028 417 1191 500 principio
1206 419 1295 482 enim

217 527 480 590 conifirationis
508 523 621 611 iisque
640 529 681 590 ad
712 529 854 592 reditum
881 539 1031 592 nostrum
1058 529 1189 593 videtur
1215 532 1296 594 mihi

169 661 220 708 iso
244 640 409 710 modicum
433 641 600 723 quoddam
624 662 744 723 corpus
769 642 886 705 confici
910 663 1018 724 posse,
1039 642 1073 704 in
1096 651 1162 726 quo
1185 654 1218 707 et
1240 645 1296 708 illa

243 752 367 834 poteris
384 760 432 815 riti
448 754 590 816 civilium
608 754 904 816 commntationum
922 753 1061 817 scientia
1076 755 1130 818 vel
1146 756 1180 818 in
1197 757 1296 838 expli-

243 865 357 928 candis
374 875 483 928 causis
504 872 613 926 rerum
635 873 795 928 novarum
816 867 869 928 vel
889 866 923 928 in
942 867 1096 930 remediis
1118 868 1296 932 incommo-

243 977 369 1053 dorum,
387 997 462 1040 cum
479 961 512 1040 et
532 977 757 1059 reprehendes
779 997 927 1064 eaquae
948 979 1169 1060 vituperanda
1192 981 1294 1044 doces

243 1097 276 1150 et
296 1109 382 1170 quae
406 1089 584 1170 placebunt
607 1089 813 1171 exponendis
834 1090 1018 1153 rationibus
1042 1092 1292 1172 comprobabis3

189 1222 218 1270 55
242 1209 275 1262 et
298 1211 325 1262 st
345 1200 488 1276 liberius
507 1211 544 1264 ut
564 1208 739 1276 consuesti,
761 1201 928 1282 agendum
952 1203 1093 1283 putabis
1114 1205 1293 1268 multorum

242 1311 275 1374 in
292 1321 353 1375 nos
369 1313 550 1395 perfidiam,
563 1313 709 1388 insidias
727 1313 946 1393 proditionem
963 1315 1103 1378 notabis.
1152 1316 1293 1395 Multam

242 1423 342 1488 etiam
359 1433 455 1488 castis
474 1434 578 1488 nostri
593 1425 788 1488 varietatem
809 1425 868 1488 tibi
888 1427 922 1488 in
944 1427 1120 1489 scribendo
1140 1430 1294 1510 suppedi·
1332 1451 1334 1458 ‘

241 1537 360 1600 tabunt
388 1536 519 1618 plenam
548 1536 720 1600 cniusdam
748 1538 936 1619 voluptatis,
964 1559 1050 1620 quae
1076 1541 1292 1609 vehementer

241 1649 369 1712 animos
392 1649 561 1712 hominum
583 1650 617 1712 in
638 1651 782 1731 legendo
803 1658 836 1712 te
859 1659 1018 1731 scriptore
1040 1660 1154 1715 tenere
1176 1655 1289 1735 possit.

188 1771 218 1815 60
243 1761 334 1826 Nihil
361 1771 412 1825 est
436 1761 524 1842 enim
549 1762 659 1844 aptius
684 1763 726 1825 ad
752 1763 1005 1827 delectationem
1032 1764 1164 1827 lectoris
1191 1787 1291 1848 quam

240 1883 427 1955 temporum
449 1875 626 1938 varietates
649 1876 871 1956 fortonaeque
892 1875 1145 1939 vicissitodines.
1195 1878 1291 1959 Quae

240 1995 303 2048 etsi
325 1986 419 2049 nobis
447 1987 609 2068 optabiles
636 1987 670 2049 in
698 1987 900 2068 experiendo
927 1995 994 2049 non
1021 1989 1165 2062 fuerunt,
1192 1989 1224 2051 in
1248 1991 1291 2052 le·

239 2098 350 2180 gendo
373 2108 485 2162 tamen
511 2109 608 2162 erunt
631 2099 804 2162 incundae.
865 2099 979 2162 Habet
1006 2101 1094 2162 enim
1121 2101 1292 2182 praeteriti

239 2211 360 2274 doloris
387 2219 504 2274 secflra
528 2211 712 2274 recordatio
739 2211 1002 2274 delectationem.
1060 2212 1186 2276 Ceteris
1211 2222 1291 2276 vero

186 2327 214 2386 65
238 2325 329 2386 milla
352 2325 537 2406 perifinctis
561 2323 695 2405 propria
719 2324 879 2400 molestia,
906 2332 1002 2387 cassis
1028 2335 1139 2386 autem
1165 2326 1289 2390 alienos

223 2425 309 2498 ¹sine
331 2436 398 2499 fillo
418 2437 530 2521 dolore
551 2436 756 2498 intuentibus
779 2436 879 2498 etiam
902 2436 975 2518 ipsa
998 2437 1220 2500 misericordia
1239 2449 1290 2502 est

238 2547 390 2611 iocunda.
438 2548 547 2630 Quem
569 2548 657 2610 enim
679 2555 829 2610 nostrrim
843 2548 905 2610 ‘ille
927 2549 1070 2612 moriens
1087 2551 1176 2631 apud
1195 2552 1290 2613 Man-

237 2660 360 2723 tineam
383 2661 634 2742 Epaminondas
653 2668 719 2722 non
742 2680 818 2722 cum
839 2661 983 2742 quadam
1005 2662 1216 2726 miseratione
1236 2664 1288 2726 de·
1334 2717 1335 2720 ,

237 2772 359 2836 lectat?
419 2773 487 2856 Qui
513 2783 585 2836 tum
616 2772 758 2854 denique
786 2771 848 2835 sibi
876 2773 971 2835 evelli
1001 2773 1092 2836 iubet
1123 2777 1285 2856 spiculum

184 2906 213 2949 70
237 2892 352 2965 postea
380 2905 479 2967 quam
507 2895 538 2947 ei
564 2894 773 2966 percontanti
801 2884 924 2946 dictum
956 2895 1007 2947 est
1037 2885 1181 2966 clipeum
1212 2909 1287 2950 esse

236 2997 373 3073 salvum,
398 3007 434 3059 ut
457 2997 556 3060 etiam
581 2997 615 3059 in
638 2997 784 3059 vulneris
808 2997 921 3059 dolore
945 3005 1053 3078 aequo
1076 2999 1186 3062 animo
1209 3021 1284 3062 cum
1314 3059 1320 3064 ,

235 3108 333 3172 laude
357 3119 547 3173 moreretur.
595 3109 698 3174 Citius
722 3109 867 3172 studium
890 3109 922 3171 in
945 3110 1088 3190 legendo
1109 3119 1176 3173 non
1201 3119 1285 3175 erec-

194 3268 196 3272 ·
234 3275 274 3338 48.
292 3275 424 3328 facultate
441 3277 469 3327 et
485 3276 570 3341 copia,
588 3277 677 3338 ability
694 3277 751 3323 and
772 3275 863 3334 lestia,
883 3277 937 3324 rollo
955 3277 1019 3324 have
1037 3293 1105 3341 gone
1125 3277 1230 3341 through
1253 3296 1285 3326 no

234 3360 369 3423 eloquente.
412 3373 452 3421 49.
472 3359 597 3418 reditum,
618 3359 656 3423 ie.
683 3359 746 3406 srom
771 3359 1052 3422 troubleoslleeirown.
1088 3359 1127 3420 69.
1143 3359 1283 3422 spiculum,

235 3442 305 3490 exile.
332 3455 370 3506 50.
383 3454 486 3505 corpus,
495 3443 599 3490 volume.
627 3454 665 3504 55.
677 3442 745 3490 mul·
771 3443 926 3503 spear-lzead.
965 3454 1003 3505 70.
1024 3441 1049 3492 ei
1060 3442 1239 3506 percontanti,
1254 3445 1284 3491 in

233 3524 322 3575 torum
341 3562 346 3574 .
365 3561 371 3574 .
391 3562 396 3574 .
413 3524 601 3588 proditionem,
614 3524 652 3571 ie.
666 3531 691 3570 at
703 3525 745 3570 the
771 3540 872 3571 answer
888 3531 911 3571 to
927 3525 966 3572 leis
984 3526 1102 3587 question.
1139 3538 1177 3588 71.
1198 3538 1283 3588 aequo

233 3607 334 3654 'timeoi
347 3608 385 3655 his
401 3607 568 3655 banishment.
603 3618 642 3670 57.
658 3617 744 3663 casus,
770 3604 868 3663 animo,
887 3606 934 3653 abl.
953 3606 1016 3664 abs.;
1045 3615 1153 3655 connect
1173 3607 1232 3656 with
1253 3610 1284 3656 in
1381 3597 1384 3602 ¹

235 3690 395 3740 vicissitudo.
444 3690 483 3756 65.
507 3688 606 3739 nulla.
631 3722 637 3736 ·
661 3722 667 3735 ·
689 3699 744 3741 mo·
771 3689 887 3737 vulneris
904 3688 990 3736 dolore.
1035 3701 1072 3753 72.
1094 3688 1223 3751 studium,
1241 3691 1282 3741 in-
