2988 4160
12 265 15 366 l

532 244 557 296 A
579 243 759 293 rnr‘surun
782 243 923 292 aarum).
1212 247 1256 314 97

206 417 396 482 desciscam.
445 418 638 499 Numquam
659 417 748 480 enirn
769 417 945 479 honestam
966 426 1106 479 mortem
1127 416 1256 498 lugien-

205 530 292 607 dam,
315 550 415 611 saepe
439 529 538 593 etiam
562 529 786 611 oppetendam
812 535 934 610 putevi.
982 528 1049 592 Sed
1073 527 1152 610 quid
1176 528 1256 591 mihi

206 650 402 706 suscensent
418 651 445 706 si
460 641 493 703 id
510 649 598 723 opte,
616 650 653 703 ut
668 640 837 722 paeniteat
853 649 916 703 eos,
930 650 981 703 sui
998 640 1102 702 iacti?
1148 640 1256 722 Cupie

205 754 294 817 enim
325 753 477 818 Caesaris
508 763 647 816 mortem
678 752 832 816 omnibus
862 773 935 815 esse
966 751 1129 815 acerbam.
1189 753 1256 814 ‘At
1278 771 1306 828 45

205 866 312 929 debee
332 873 393 947 pre
413 866 500 928 ciuili
520 874 615 947 parte
636 885 706 927 rem
727 864 895 946 publicam
913 865 998 928 velle
1021 864 1166 926 salvam’
1214 864 1255 926 Id

206 977 339 1060 quidem
356 985 410 1040 me
425 997 557 1059 cupere,
575 976 638 1038 nisi
654 985 686 1038 et
702 986 779 1039 ante
801 983 875 1040 ecta
890 986 959 1039 vita
980 985 1013 1039 et
1033 975 1160 1058 reliqua
1181 995 1255 1038 mea

206 1098 284 1171 spes
306 1099 439 1153 tacente
462 1097 522 1152 me.
541 1089 668 1170 probat,
685 1089 835 1176 ‘dicendo
857 1087 990 1151 vincere
1017 1095 1084 1151 nen
1111 1085 1252 1170 postule.

206 1203 282 1284 Que
309 1209 345 1264 re
371 1201 528 1263 meierem
553 1201 587 1263 in
612 1201 747 1264 modum
773 1208 806 1263 te
830 1208 912 1281 roge
936 1210 973 1263 ut
997 1221 1068 1263 rem
1093 1200 1255 1282 potierem

205 1313 353 1377 eretione
381 1313 483 1376 dirces
510 1313 666 1394 mihique,
695 1323 723 1375 si
748 1322 850 1376 sentis
875 1313 1030 1394 expedire
1058 1320 1147 1375 recte
1174 1313 1253 1389 fieri,
1278 1341 1307 1389 50

206 1427 321 1489 credes
343 1426 468 1489 millam
490 1415 757 1488 communienem
779 1445 853 1488 cum
877 1425 1035 1506 improbis
1054 1445 1128 1488 esse
1144 1445 1252 1506 posse.

205 1539 263 1604 An
291 1539 380 1621 quod
407 1538 602 1629 adulescens
628 1523 789 1619 praestiti,
815 1558 890 1600 cum
916 1537 1014 1600 etiam
1043 1545 1152 1600 errere
1179 1557 1254 1600 cum

205 1651 417 1714 excesetiene
445 1670 588 1732 possem,
613 1649 646 1712 id
673 1670 762 1712 nunc
790 1656 899 1712 aetite
925 1648 1143 1731 praecipitate
1170 1670 1255 1713 com-

205 1771 330 1826 metem
352 1783 391 1826 ac
412 1770 465 1824 me
486 1762 557 1844 ipse
579 1762 748 1825 retexam?
795 1762 872 1824 Nen
894 1761 1016 1825 faciam
1037 1782 1146 1844 neque
1166 1761 1254 1844 quod

206 1875 379 1958 displiceat
402 1875 616 1950 committam,
638 1885 870 1956 praeterquam
895 1874 983 1956 quod
1007 1875 1150 1937 hominis
1174 1873 1255 1937 mihi
1278 1893 1306 1942 55

205 1987 466 2051 coniunctissimi
488 2007 527 2050 ac
550 1971 612 2049 vir'r
634 1987 830 2069 amplissimi
853 1987 949 2050 dolee
969 2007 1105 2070 gravem
1130 1993 1252 2050 cesum.

206 2099 306 2182 Quod
322 2109 350 2163 si
365 2100 460 2163 aliter
476 2118 584 2162 essem
606 2099 779 2172 animatus,
798 2119 980 2182 numquam
1001 2099 1090 2181 quod
1107 2099 1254 2162 iacerem

205 2219 373 2293 negarem,
390 2219 432 2274 ne
448 2221 481 2274 et
497 2211 530 2274 in
547 2191 719 2295 peccande
734 2211 904 2294 improbus
921 2221 954 2274 et
966 2211 999 2273 in
1016 2211 1255 2274 dissimulande

204 2324 340 2387 timidus
353 2344 394 2388 ac
410 2331 515 2388 venus
532 2324 744 2386 existimerer.
794 2325 859 2388 ‘At
880 2323 975 2386 ludes
997 2331 1080 2406 ques
1102 2323 1255 2388 Caesaris

204 2436 362 2500 victeriae
378 2437 504 2502 Caesar
519 2437 715 2501 adulescens
730 2437 811 2500 iecit
829 2436 960 2500 cerevi’
1009 2435 1057 2498 At
1076 2435 1110 2498 id
1132 2435 1174 2498 ad
1193 2445 1255 2517 pri·
1280 2449 1309 2494 60

205 2555 319 2612 vetum
346 2549 500 2626 officium,
530 2557 596 2611 nen
623 2549 666 2612 ad
691 2558 813 2612 statum
841 2525 889 2611 rei
915 2547 1069 2630 pirblicae
1100 2547 1252 2630 pertinet.

207 2661 306 2742 Quod
336 2670 449 2724 tamen
476 2668 597 2724 mimus
625 2670 658 2724 et
685 2660 829 2724 hominis
856 2659 1046 2724 amicissimi
1076 2659 1255 2723 memoriae
1337 2649 1339 2653 ’

206 2781 305 2854 atque
328 2773 508 2836 honeribus
533 2779 702 2855 praestere
727 2772 826 2835 etiam
855 2782 975 2836 mortui
997 2771 1096 2834 debui
1118 2781 1151 2834 et
1174 2771 1256 2854 opti-

207 2904 281 2947 mae
297 2895 369 2966 spei
385 2884 590 2948 adulescenti
610 2905 649 2948 ac
671 2884 866 2966 dignissime
890 2885 1034 2950 Caesare
1054 2893 1181 2967 petenti
1202 2903 1256 2946 ne·

205 3100 245 3161 46.
266 3112 314 3164 pro
334 3099 411 3151 civili
429 3100 516 3166 parte,
536 3117 600 3150 asa
620 3101 715 3151 citizen.
746 3117 762 3150 a
774 3101 834 3150 liar.
870 3112 909 3166 59.
926 3101 1019 3153 ludos:
1039 3101 1082 3150 the
1094 3102 1165 3150 Ludi
1181 3103 1256 3150 Victa-

206 3196 246 3246 47.
266 3182 378 3248 reliqua,
384 3185 431 3250 sar
442 3185 480 3232 the
485 3188 586 3250 future.
621 3197 659 3248 50.
674 3196 718 3234 ex·
747 3185 939 3233 riaeCaesaris
956 3201 984 3232 or
1001 3185 1071 3233 hredi
1092 3186 1194 3234 Veneris
1212 3186 1257 3232 Ge·

205 3266 298 3330 pedire
326 3268 396 3316 recte
424 3265 491 3325 fieri,
519 3269 541 3315 it
567 3268 589 3314 is
619 3268 718 3330 expedi·
747 3269 852 3316 natricis
870 3269 920 3318 had
940 3268 1004 3316 been
1021 3269 1110 3317 vowed
1130 3268 1162 3329 by
1179 3267 1259 3330 Julius

206 3356 250 3396 Μ
270 3349 324 3396 that
344 3349 383 3398 the
406 3349 474 3412 right
495 3350 585 3396 should
604 3352 716 3414 prevar'l.
747 3353 838 3400 Caesar
855 3358 880 3400 at
897 3351 1036 3410 Pharsalus,
1049 3352 1099 3400 and
1111 3365 1175 3398 were
1193 3349 1258 3397 cele·

207 3443 220 3495 5
224 3444 245 3493 3.
266 3429 458 3495 praecipitata,
479 3432 501 3480 is
520 3431 644 3495 drawing
659 3440 682 3480 to
702 3450 718 3482 a
747 3436 833 3484 brated
847 3435 896 3482 this
907 3450 965 3496 year
975 3434 1007 3496 by
1016 3433 1138 3484 Octavian
1149 3432 1260 3493 (Caesar

206 3515 271 3562 clos.
321 3527 360 3578 54.
380 3526 424 3562 me
448 3512 508 3578 lpse
530 3515 660 3574 retexam,
683 3517 718 3564 be·
746 3516 910 3577 adulescens).
952 3515 991 3576 64.
1009 3513 1172 3578 dignissimo
1195 3512 1259 3564 Cae·

206 3612 270 3644 cartre
287 3597 392 3645 another
409 3613 479 3646 man.
517 3597 556 3662 58.
574 3597 719 3662 improbus,
746 3611 821 3648 sare:
841 3599 935 3646 Matius
946 3613 996 3646 was
1008 3597 1127 3660 thinking
1143 3596 1171 3644 of
1184 3596 1259 3646 Octa·

205 3678 328 3738 timidus,
339 3693 434 3738 vanus,
447 3697 463 3728 a
476 3681 565 3739 hienae,
580 3697 596 3728 a
611 3681 719 3740 curvaret,
746 3680 804 3731 vian
824 3697 851 3730 as
874 3680 986 3730 Caesar's
1006 3681 1117 3746 adopted
1140 3695 1186 3730 son
1209 3679 1260 3728 and

370 3775 427 3811 coR.
446 3775 480 3812 oF
497 3775 608 3827 cleu—7
635 3783 636 3786 ¹
