2988 4160
353 272 427 321 THE
449 271 668 321 DEDICATION
690 270 735 320 OF
758 271 924 320 POMPEY'S
946 271 1121 320 THEATER
1222 273 1258 340 51

204 449 468 532 elephanterum
489 445 560 508 dies
584 445 656 522 fuit,
680 445 713 506 in
740 454 805 527 que
821 446 1004 510 ,admiratio
1028 454 1151 527 megna
1171 446 1264 528 vulgi

212 570 312 643 atque
328 559 455 635 turbae,
473 558 650 621 delectitie
666 558 757 620 nella
773 558 904 620 exstitit.
946 559 1035 640 Quin
1052 559 1152 621 etiam
1168 559 1263 621 mise·
1285 578 1315 626 50

212 673 353 737 ricordia
370 671 533 754 quaedam
551 678 730 733 conseceta
746 679 796 734 est
816 680 915 752 atque
937 671 1048 753 opinio
1069 671 1140 734 eius
1161 671 1260 748 modi,

213 807 286 849 esse
308 785 476 867 quandam
497 783 544 846 illi
568 783 685 846 beluae
711 803 787 846 cum
812 803 934 864 genere
959 785 1105 846 hemerio
1128 784 1263 848 s'ociete-

212 909 288 984 tem.
338 898 402 960 His
426 917 489 978 ego
513 905 626 958 tamen
651 895 776 972 diebus
802 895 887 958 ludis
913 897 1083 972 scaenicis,
1108 904 1151 958 ne
1175 897 1262 959 forte

212 1011 326 1073 videar
347 1009 408 1072 tibi
431 1017 498 1071 non
523 1007 622 1071 modo
647 1008 773 1083 beetus
799 1009 858 1071 sed
883 1008 966 1071 liber
989 1017 1124 1071 omnine
1147 1009 1260 1084 fuisse,

213 1123 322 1204 dirupi
342 1129 395 1185 me
417 1141 524 1204 paene
548 1120 582 1183 in
605 1119 726 1183 iudicio
751 1119 839 1182 Galli
862 1119 990 1194 Canini,
1008 1121 1181 1184 familiaris
1204 1131 1260 1184 tui.
1286 1139 1314 1186 55

214 1235 313 1317 Quod
333 1245 361 1297 si
378 1243 447 1297 tam
469 1233 602 1296 facilem
624 1233 785 1314 populum
807 1233 964 1296 haberem
986 1254 1085 1315 quam
1105 1234 1263 1315 Aesepus

213 1347 338 1424 habuit,
364 1347 505 1410 libenter
528 1346 718 1409 mehercule
743 1355 848 1408 artem
874 1345 1058 1409 desinerem
1086 1354 1262 1429 tecumque

213 1471 247 1523 et
267 1481 343 1523 cum
364 1459 526 1522 similibus
547 1468 654 1521 nostri
671 1468 824 1522 viverem.
874 1460 962 1522 Nam
986 1467 1039 1520 me
1064 1480 1139 1522 curn
1164 1467 1264 1522 antee

211 1572 377 1648 taedebat,
395 1593 470 1634 cum
487 1581 520 1634 et
537 1578 629 1634 aetes
646 1580 679 1633 et
694 1571 831 1634 ambitio
849 1579 903 1634 me
922 1571 1116 1634 hortebetur
1137 1581 1170 1635 et
1190 1571 1264 1634 lice-

212 1685 270 1748 bat
285 1685 428 1767 denique
445 1705 542 1767 quem
560 1683 714 1746 nolebam
731 1692 798 1746 nen
814 1685 1004 1761 defendere,
1018 1694 1089 1746 tum
1105 1693 1184 1748 vere
1200 1685 1263 1748 hee
1286 1696 1316 1740 60

212 1808 364 1881 ternpore
375 1807 443 1860 vita
456 1797 547 1859 nella
559 1806 618 1859 est.
653 1797 772 1878 Neque
789 1796 876 1858 enim
893 1797 1039 1860 irectum
1056 1798 1160 1859 sillum
1176 1797 1265 1860 labe·

212 1911 256 1974 ris
269 1917 436 1992 exspecte,
450 1918 483 1972 et
496 1917 598 1990 cegor
609 1917 677 1971 nen
690 1929 869 1992 numquam
888 1909 1039 1972 homines
1055 1918 1121 1972 nen
1139 1909 1264 1991 optime

214 2023 256 2085 de
271 2030 325 2084 me
341 2022 475 2084 merites
491 2028 610 2102 rogetis
628 2030 741 2084 eerum
758 2031 814 2104 qui
829 2022 915 2084 bene
931 2021 1039 2107 meriti
1055 2031 1132 2084 sunt
1152 2023 1264 2084 defen-

214 2135 301 2196 dere.
358 2135 476 2216 Itaque
503 2143 627 2216 quaere
651 2141 770 2197 causes
797 2145 904 2197 omnis
932 2135 1110 2217 aliquande
1131 2135 1265 2197 vivendi

213 2245 372 2309 arbitretfi
389 2254 582 2328 meeteque
605 2255 639 2309 et
661 2246 759 2309 istam
782 2247 945 2309 rationem
969 2255 1015 2309 eti
1037 2256 1086 2308 tui
1108 2256 1141 2308 et
1164 2246 1264 2309 laudo
1287 2256 1315 2312 65

212 2359 429 2420 vehementer
444 2368 478 2420 et
493 2359 608 2440 probe,
626 2359 781 2441 quodque
800 2367 861 2422 nos
880 2359 989 2421 minus
1008 2358 1182 2434 intervisis,
1201 2359 1263 2421 hec

212 2471 287 2534 fere
302 2470 414 2533 anime
429 2471 593 2553 aequiore,
607 2471 705 2553 quod,
719 2481 747 2534 si
765 2473 891 2534 Romae
907 2479 1008 2548 esses
1025 2480 1139 2534 tamen
1154 2491 1263 2555 neque

213 2591 274 2646 nos
296 2583 410 2664 lepore
430 2591 488 2646 tue
508 2603 617 2665 neque
636 2592 760 2646 te-si
780 2593 836 2666 qui
855 2593 906 2646 est
926 2583 960 2646 in
981 2591 1090 2646 me—
1102 2591 1177 2646 mee
1197 2584 1264 2646 frui

213 2695 326 2758 liceret
346 2704 484 2778 propter
506 2695 756 2759 molestissimis
780 2696 1014 2778 occupetienes
1037 2703 1137 2759 mees
1185 2695 1264 2778 Qui-

213 2808 275 2870 bus
288 2797 316 2871 si
328 2816 381 2871 me
393 2808 679 2871 relaxere—nam
695 2818 731 2872 ut
747 2809 847 2890 plene
863 2809 1031 2872 exsolvam
1048 2817 1114 2871 nen
1131 2809 1264 2889 postule
1286 2827 1316 2870 70

212 2957 264 2996 -,
282 2929 315 2982 te
330 2920 450 3002 ipsum,
468 2931 525 3003 qui
540 2922 661 2984 multos
681 2930 786 2984 annes
806 2921 888 2983 nihil
907 2921 995 2983 aliud
1017 2921 1261 2997 commenteriS,

213 3032 341 3095 docebe
364 3034 516 3114 profecte
540 3033 619 3115 quid
643 3033 685 3096 sit
709 3033 898 3096 hemeniter
919 3043 1039 3096 vivere.
1087 3035 1138 3096 Τῡ
1164 3034 1262 3096 modo

213 3143 308 3206 istam
330 3145 589 3208 imbecillitetem
607 3145 807 3209 valetedinis
830 3155 907 3208 tuae
931 3153 1082 3208 sustente
1103 3155 1137 3208 et
1159 3153 1261 3221 tuere,

203 3292 296 3366 ³picces.
324 3317 363 3366 49.
376 3303 453 3368 vulgi
462 3305 544 3369 atque
553 3305 655 3363 turbae,
665 3322 725 3354 com·
751 3321 803 3354 acc.
840 3306 900 3354 with
942 3307 1055 3354 desinere
1096 3305 1122 3354 in
1164 3306 1259 3354 Cicero

213 3402 271 3434 mon
282 3387 349 3434 hercl.
385 3399 424 3452 55.
441 3387 514 3438 Galli
525 3387 631 3446 Canini,
644 3404 724 3451 cogno
751 3388 790 3437 68.
813 3388 910 3453 lepore,
934 3389 1058 3453 ogreeoble
1080 3389 1259 3436 conversation.

213 3485 270 3517 men
286 3471 335 3518 and
353 3487 451 3527 nomen,
466 3471 508 3518 the
524 3471 593 3518 usual
611 3472 684 3519 order
699 3472 724 3518 in
753 3484 790 3534 70.
808 3483 852 3520 me
866 3471 995 3529 relaxaro,
1008 3473 1027 3519 I
1038 3472 1121 3520 obtain
1134 3487 1198 3520 some
1214 3487 1262 3518 res·
1355 3481 1357 3486 ’

213 3551 319 3599 familiar
334 3552 407 3600 Latin
420 3553 493 3600 when
510 3554 552 3600 the
565 3561 723 3616 praenomen
746 3555 806 3618 pite.
849 3567 887 3618 71.
908 3552 1107 3611 commentaris,
1125 3554 1188 3602 hove
1205 3554 1263 3602 been

212 3634 233 3682 is
256 3635 368 3684 omitted.
411 3635 450 3699 56.
473 3633 592 3694 facilem,
614 3637 720 3702 willing.
750 3636 876 3700 studyr'ng.
926 3649 963 3700 72.
990 3635 1144 3686 humaniter
1163 3635 1262 3695 vivere,

213 3729 250 3784 57.
269 3717 364 3776 artem,
380 3718 423 3766 the
441 3717 499 3781 only
516 3718 629 3767 instance
646 3717 674 3767 ol
692 3735 724 3768 an
750 3727 773 3768 to
786 3720 837 3768 live
853 3735 870 3768 a
888 3719 932 3786 life
948 3721 979 3785 of
984 3719 1152 3784 gentlemonly
1163 3720 1262 3769 leisure.
