2988 4160
247 259 288 326 50
499 259 823 309 CORRESPONDENCE
845 259 890 309 OF
911 259 1045 309 CICERO.

246 441 325 515 quin
343 432 453 495 anima
469 433 669 515 aequissima
688 433 841 496 carueris,
891 434 981 515 Quid
1000 433 1089 497 enim
1111 434 1301 523 delectatio
1402 487 1403 492 ,

245 545 297 607 nis
314 545 437 608 habent
457 553 599 608 sescenti
618 547 698 608 mali
718 547 752 608 in
773 547 1046 630 Clytaemnestra,
1067 557 1124 610 aut
1144 547 1178 610 in
1201 548 1298 630 Equo

193 673 222 718 30
245 657 391 720 Traiana
407 665 625 720 creterrarum
641 658 704 721 tria
720 659 818 735 milia,
837 669 893 721 aut
915 667 1082 723 armatara
1097 659 1188 722 varia
1210 660 1299 740 pedi·

245 777 334 832 tatas
356 780 389 832 et
410 770 576 852 equitatus
600 771 633 833 in
658 771 768 854 aliqua
793 772 930 852 pagna?
980 772 1075 853 Quae
1101 773 1297 853 popularem

246 882 497 945 admirationem
514 883 710 959 habuerunt,
728 883 982 947 delectationem
998 884 1058 947 tibi
1074 885 1200 947 nullam
1216 894 1299 946 attu-

245 995 370 1059 lissent.
418 995 519 1078 Quod
542 1005 570 1058 si
591 1003 627 1058 ta
655 1004 795 1077 pereas
822 996 893 1059 dies
918 1017 1053 1078 operam
1079 997 1200 1060 dedisti
1225 998 1299 1060 Pro-

245 1117 361 1189 togeni
391 1116 457 1183 tuo,
491 1108 571 1170 dum
605 1108 704 1172 modo
738 1108 766 1171 is
797 1108 857 1171 tibi
891 1110 1019 1191 quidvis
1051 1109 1163 1196 potius
1198 1131 1297 1193 quam
1359 1123 1364 1126 “

194 1231 221 1279 35
246 1221 412 1283 arationes
439 1228 530 1283 meas
558 1220 684 1301 legerit,
711 1229 753 1283 ne
784 1229 819 1284 tu
851 1223 941 1284 haud
969 1223 1068 1304 paula
1095 1223 1170 1304 plas
1198 1243 1297 1305 quam

247 1333 422 1417 quisquam
442 1340 591 1396 nostrum
612 1333 841 1396 delectationis
861 1335 1012 1397 habuisti.
1061 1336 1139 1397 Non
1157 1335 1244 1398 enim
1265 1343 1299 1397 te

247 1453 329 1528 puto
355 1447 500 1510 Graecos
525 1456 582 1508 aut
609 1445 716 1509 Oscos
741 1446 836 1508 ludos
862 1446 1078 1522 desiderasse,
1103 1447 1298 1528 praesertim

248 1579 322 1620 cum
341 1559 448 1622 Oscos
464 1558 517 1620 vel
533 1558 566 1619 in
583 1565 700 1620 senata
717 1567 828 1620 vestra
845 1566 996 1639 spectare
1016 1569 1133 1640 possis
1152 1560 1298 1623 Graecas

247 1671 293 1733 ita
309 1678 376 1732 nan
393 1677 484 1732 ames
504 1680 540 1732 ut
561 1677 604 1731 ne
625 1670 667 1731 ad
686 1670 799 1732 villam
820 1671 952 1752 quidem
978 1680 1071 1734 tuam
1091 1671 1144 1733 via
1170 1672 1299 1735 Graeca

195 1802 224 1845 40
246 1793 295 1845 ire
312 1783 428 1845 soleas.
478 1783 565 1844 Nam
584 1781 663 1864 quid
679 1802 742 1862 ego
758 1790 792 1845 ta
807 1784 950 1846 athletas
967 1793 1082 1866 putem
1099 1785 1296 1860 desiderare,

248 1905 305 1977 qui
320 1894 519 1975 gladiatores
536 1895 797 1976 contempseris?
837 1897 877 1958 In
894 1895 1014 1978 quibus
1031 1896 1102 1978 ipse
1121 1897 1298 1979 Pompeius

248 2009 424 2070 canfitetur
443 2014 478 2068 sa
497 2015 530 2068 et
549 2026 686 2087 operam
708 2016 741 2068 et
762 2007 871 2070 oleum
893 2009 1086 2089 perdidisse.
1135 2009 1297 2091 Reliquae

248 2241 347 2295 nemo
362 2241 464 2312 negat
479 2269 530 2306 —‚
549 2231 608 2293 sed
630 2251 715 2312 quae
738 2241 848 2312 potest
872 2233 998 2296 homini
1022 2253 1096 2296 esse
1119 2234 1224 2314 polito
1245 2234 1297 2296 de-

195 2359 223 2406 45
247 2345 381 2408 lectatio
402 2364 477 2407 cum
499 2353 556 2406 aut
578 2345 678 2406 homo
699 2343 881 2407 imbecillus
904 2353 924 2408 a
944 2346 1171 2409 valentissima
1192 2345 1296 2410 bestia

247 2457 391 2520 laniatur
409 2466 467 2518 aut
488 2457 660 2538 praeclara
681 2455 787 2518 bestia
802 2457 967 2520 venabulo
987 2459 1297 2532 transverberatur?

248 2571 345 2660 Quae
364 2579 485 2643 tamen,
504 2579 532 2631 si
546 2569 691 2634 videnda
713 2578 799 2644 sunt,
820 2590 921 2652 saepe
942 2571 1071 2648 vidisti;
1104 2592 1213 2654 neque
1236 2579 1297 2634 nos

247 2694 304 2768 qui
319 2684 402 2746 haec
419 2689 609 2764 spectamus
629 2680 805 2764 quicquam
826 2692 903 2746 novi
918 2684 1070 2747 vidimus,
1119 2686 1296 2748 Extremus

246 2887 327 2953 petie,
334 2888 450 2952 elegance.
481 2898 519 2946 29.
531 2883 758 2947 Clytaemnestra,
784 2885 885 2950 leagues
902 2888 932 2936 of
949 2889 1044 2938 Marius
1061 2905 1127 2938 were
1144 2905 1171 2938 as
1189 2888 1252 2938 droll
1270 2904 1297 2936 as

246 2973 321 3035 Equo
335 2969 459 3026 Troiano,
472 2968 540 3031 plays
556 2967 588 3029 by
599 2967 692 3014 Accius
709 2967 757 3014 and
785 2963 828 3010 the
851 2963 943 3012 clowns
965 2965 995 3013 of
1014 2966 1079 3014 their
1101 2967 1184 3014 native
1207 2965 1295 3013 sarces.

246 3055 363 3102 Naevius.
403 3065 444 3114 30.
464 3051 647 3108 creterrarum,
663 3069 687 3092 =
702 3065 758 3096 cra·
790 3058 830 3105 41.
852 3047 884 3095 In
901 3045 1008 3111 quibus,
1026 3038 1068 3096 ie.
1089 3049 1115 3096 in
1133 3049 1175 3096 the
1195 3047 1296 3096 athletic
1361 3105 1364 3110 Ι

246 3145 369 3194 terarum,
382 3135 461 3183 bowls.
494 3146 534 3195 33.
549 3139 758 3196 operam,atren·
786 3136 901 3177 contests.
943 3144 982 3190 42.
1000 3143 1110 3194 operam
1129 3167 1134 3178 .
1156 3166 1162 3178 .
1183 3166 1189 3179 .
1209 3127 1298 3193 perdi-

246 3222 308 3269 tion.
321 3215 519 3281 —Protogenh
543 3231 559 3264 a
584 3215 651 3264 slave
675 3215 758 3262 whose
785 3209 865 3268 disse,
873 3213 1028 3262 dadhadlzis
1036 3213 1106 3261 labor
1110 3213 1205 3278 sordis
1208 3213 1296 3276 pains.

247 3305 306 3364 duty
334 3303 353 3350 it
381 3317 432 3348 was
461 3308 487 3348 to
517 3299 577 3347 read
608 3305 633 3346 to
665 3297 759 3344 Marius
784 3307 824 3356 43.
841 3295 1010 3354 venationes,
1026 3297 1122 3353 hunts,·
1145 3296 1215 3344 these
1232 3310 1296 3342 were

249 3383 431 3449 (anagnostes).
478 3395 516 3445 37.
542 3380 630 3438 Oscos,
653 3380 691 3428 i.e.
715 3381 758 3427 the
785 3378 858 3438 fights
871 3377 985 3426 between
1000 3395 1058 3426 men
1072 3381 1121 3427 and
1133 3379 1190 3427 wild
1205 3379 1296 3426 beasts.

246 3469 345 3518 sarcical
358 3467 466 3532 fabulae
479 3465 618 3520 Atellanae,
633 3479 660 3509 so
678 3462 757 3510 called
785 3461 825 3509 On
835 3460 877 3507 the
887 3469 987 3523 present
997 3463 1112 3510 occasion
1122 3463 1168 3510 five
1180 3461 1297 3509 hundred

246 3552 310 3600 from
333 3549 424 3605 Atella,
445 3565 460 3596 a
483 3555 549 3594 town
573 3545 601 3592 ol
622 3545 664 3592 the
688 3544 756 3593 Osci.
784 3547 849 3595 lions
868 3543 941 3592 alone
962 3562 1026 3592 were
1045 3545 1131 3593 killed.
1187 3558 1227 3604 44.
1250 3554 1296 3606 po·

247 3634 285 3698 38.
304 3633 409 3688 senatu,
426 3631 533 3693 perhaps
554 3629 597 3675 the
615 3627 680 3675 local
699 3643 758 3689 gov·
784 3631 843 3688 lito,
855 3633 887 3696 of
895 3629 1048 3696 refinement.
1079 3639 1118 3692 45.
1135 3625 1297 3684 imbecillus,

246 3717 335 3780 eruing
355 3709 452 3772 board,
474 3713 517 3760 the
536 3711 691 3775 Campanian
708 3710 758 3758 col·
783 3708 867 3774 feeble.
921 3705 961 3767 46.
988 3703 1117 3761 laniatur,
1144 3703 1166 3750 is
1190 3709 1249 3750 torn
1274 3708 1298 3750 to
