2988 4160
502 275 663 334 warner),
686 277 710 323 A
733 275 959 324 rnwrcmsr.
1214 276 1256 342 45

208 450 476 532 reprehendunt:
509 449 649 511 scribam
677 448 749 529 ipse
777 449 818 512 de
846 457 907 524 me,
937 449 1115 511 multarum
1145 457 1257 512 tamen

208 563 360 644 exemplo
381 571 414 625 et
435 562 597 624 clarcrum
617 561 770 623 virorum.
820 561 896 637 Sed,
915 561 1003 643 quod
1021 569 1054 624 te
1075 569 1143 624 non
1160 562 1256 644 fugit,
1269 585 1311 618 120

209 676 291 738 haec
315 684 392 737 sunt
415 674 449 736 in
473 675 536 737 hoe
559 693 682 755 genere
704 673 803 762 vitia:
828 683 862 736 et
885 673 1106 736 verecundius
1130 674 1195 756 ipsi
1217 675 1258 736 de

209 795 281 850 sese
309 787 455 850 scribant
485 806 622 848 necesse
653 795 713 861 est,
742 796 771 848 si
797 785 876 868 quid
904 795 955 848 est
985 786 1197 862 laudandum,
1225 796 1259 849 et

209 909 428 980 praetereant,
465 909 493 960 si
530 898 608 980 quid
646 898 961 979 reprehendendum
995 907 1054 961 est.
1116 899 1259 962 Accedit

209 1011 308 1074 etiam
332 1021 369 1074 ut
392 1010 500 1073 minor
523 1010 565 1073 sit
588 1011 679 1086 fides,
705 1010 813 1073 minor
836 1009 1023 1084 auctoritaie,
1049 1011 1144 1073 multi
1171 1011 1259 1074 deni·
1309 1079 1312 1083 ,

209 1144 273 1206 que
304 1124 552 1205 reprehendant
579 1132 612 1186 et
642 1123 755 1186 dicant
780 1122 1036 1186 verecundiores
1066 1142 1140 1186 esse
1168 1143 1311 1204 prae-125

209 1243 309 1298 eones
336 1237 488 1298 Isidorum
519 1235 758 1320 gymnicdrum,
788 1245 845 1318 qui
871 1255 947 1298 curn
974 1243 1092 1298 ceteris
1119 1243 1258 1298 coronas

209 1348 427 1431 imposuerint
453 1347 633 1411 victoribus
661 1356 841 1430 earumque
868 1348 1004 1410 nomina
1030 1339 1153 1429 magna
1177 1356 1259 1411 voce

210 1461 463 1543 pronuntiarint,
481 1481 556 1524 cum
573 1460 637 1542 ipsi
652 1469 731 1523 ante
752 1460 905 1523 Isidorum
927 1461 1118 1524 missionem
1138 1467 1259 1535 corona

210 1573 383 1649 donentur,
406 1573 506 1636 aliurn
530 1581 729 1655 praecdnem
751 1573 941 1649 adhibeant,
966 1581 1008 1635 ne
1032 1579 1092 1635 sua
1114 1581 1196 1636 v6ce
1223 1580 1260 1635 se

209 1685 274 1768 ipsi
289 1686 429 1749 victbres
445 1705 520 1748 esse
536 1685 739 1767 praedicent.
788 1686 884 1748 Haec
900 1693 962 1748 nos
982 1692 1086 1748 vitare
1108 1685 1260 1767 cupimus
1271 1711 1313 1756 130

115 1808 117 1814 ’
210 1807 252 1874 et,
270 1808 298 1860 si
312 1798 432 1880 recipis
448 1817 584 1860 causam
605 1807 763 1873 nostram,
780 1797 967 1874 vitabimus,
985 1797 1085 1880 idque
1101 1807 1138 1860 ut
1154 1797 1259 1860 facias

210 1917 375 1991 rogamus.
431 1910 492 2001 Ac·
515 1917 558 1972 ne
587 1911 674 1972 torte
702 1917 819 1972 mirere
850 1917 916 1986 cin,
946 1930 1021 1973 curn
1051 1909 1133 1972 mihi
1159 1929 1259 1992 saepe

211 2022 394 2086 ostenderis
420 2030 454 2085 te
481 2022 728 2088 accitratissime
754 2030 944 2085 nostrorum
971 2031 1159 2104 temporum
1187 2031 1261 2086 cen-

211 2134 283 2197 silia
306 2143 405 2217 atque
432 2135 717 2214 eventdsiitteris
744 2135 986 2209 mandaterum,
1012 2142 1032 2196 a
1055 2143 1087 2196 te
1111 2135 1144 2197 id
1171 2155 1260 2197 nunc

210 2255 304 2309 tanto
334 2267 435 2328 opere
466 2257 499 2310 et
529 2257 598 2310 tarn
636 2247 748 2310 multis
778 2247 888 2310 verbis
920 2254 1082 2328 petamus,
1115 2246 1170 2309 illa
1200 2255 1261 2309 nos
1272 2269 1313 2316 135

211 2358 375 2440 cupiditas
406 2359 553 2422 incendit
587 2360 629 2422 de
659 2366 724 2442 qua
756 2359 849 2421 initia
880 2369 998 2440 scripsi
1027 2358 1259 2434 festinatic'rnis,

211 2471 300 2553 quod
322 2472 447 2534 alacres
469 2471 581 2534 animo
602 2492 716 2534 sumus
738 2481 774 2534 ut
795 2481 828 2534 et
847 2478 948 2534 ceteri
963 2471 1149 2534 viventibus
1165 2471 1261 2534 nobis

211 2603 251 2646 ex
267 2584 356 2646 libris
372 2594 437 2646 tuis
453 2592 514 2647 nos
536 2592 742 2666 cognoscant
762 2593 796 2646 et
816 2592 947 2647 nosmet
963 2584 1028 2666 ipsi
1042 2570 1109 2646 vivi
1124 2583 1262 2666 gloriola

212 2703 325 2758 nostra
350 2697 569 2777 perfruamur.
619 2697 682 2760 His
706 2696 747 2759 de
774 2695 872 2758 rebus
896 2697 975 2779 quid
998 2704 1132 2759 actirrus
1156 2706 1209 2772 sis,
1234 2705 1263 2759 si

211 2808 271 2870 tibi
294 2816 360 2871 nen
384 2818 435 2871 est
458 2809 645 2884 molestum,
667 2808 830 2872 rescribas
854 2807 935 2870 rnihi
956 2809 1064 2871 velim.
1114 2809 1150 2874 Si
1172 2808 1261 2872 enirn
1273 2831 1315 2875 140

213 2920 352 3001 suscipis
365 2941 509 2997 causam,
523 2921 695 2984 conficiam
708 2921 963 2984 commentarios
975 2928 1085 2983 rerum
1098 2921 1261 3000 omnium;

214 3041 263 3094 sin
292 3042 402 3095 autem
430 3033 545 3096 differs
573 3041 626 3096 me
653 3034 686 3096 in
717 3043 851 3116 tempus
882 3033 981 3110 aliud,
1010 3041 1121 3096 coram
1151 3041 1262 3097 tecum

213 3233 257 3289 try,
274 3229 324 3276 and
340 3227 450 3276 likewise
468 3229 567 3277 created
584 3244 599 3276 a
616 3229 727 3276 national
749 3228 811 3276 least
823 3243 873 3276 was
889 3227 1033 3276 afterwards
1051 3227 1165 3287 finished,
1181 3227 1226 3276 but
1243 3227 1263 3276 is

213 3310 307 3358 drama.
348 3323 401 3372 119.
418 3309 548 3361 scribam:
572 3311 659 3360 Cicero
676 3311 727 3360 had
750 3311 900 3373 fortnnately
917 3318 962 3359 not
980 3317 1073 3360 extant.
1113 3311 1166 3360 126.
1186 3323 1263 3374 gym-

214 3392 313 3455 already
321 3393 419 3441 written
427 3410 458 3442 an
469 3401 576 3442 account
585 3394 613 3442 of
620 3394 658 3442 his
668 3409 727 3442 con·
749 3392 877 3454 nieorum,
910 3393 1016 3441 athletic.
1070 3392 1123 3442 128.
1156 3393 1263 3444 missio-

138 3515 141 3522 .
214 3475 309 3540 sulship
319 3476 345 3524 in
355 3476 446 3536 Greek,
456 3477 567 3526 andhad
579 3478 727 3525 announced
750 3485 819 3534 nem,
832 3476 887 3524 end.
925 3489 978 3537 129.
994 3474 1150 3534 adhibeant,
1163 3477 1263 3539 employ.

214 3565 240 3607 to
252 3559 350 3607 Atticus
363 3559 402 3608 his
415 3560 539 3608 intention
553 3566 579 3608 to
591 3560 659 3608 write
676 3559 727 3608 also
753 3571 806 3622 133.
825 3557 1036 3616 accuratissime,
1055 3565 1116 3606 rnost
1133 3559 1263 3623 carefully.

215 3657 316 3706 apoern
329 3644 380 3691 and
395 3659 409 3691 a
424 3643 498 3692 Latin
514 3643 618 3691 memoir
633 3659 666 3690 on
685 3642 727 3690 the
753 3641 805 3704 138.
827 3640 948 3706 gloriola,
967 3641 1043 3689 small
1060 3642 1131 3688 meed
1146 3643 1263 3706 assume.

212 3741 282 3778 same
295 3725 389 3788 subject
395 3744 401 3785 ;
424 3727 452 3774 of
467 3727 537 3774 these
554 3726 596 3774 the
613 3741 688 3790 poem
703 3731 729 3773 at
753 3737 806 3786 141.
819 3721 1034 3782 commentarios
1045 3730 1116 3772 notes.
1142 3735 1195 3784 142.
1211 3719 1263 3773 rii·
