2988 4160
245 257 291 336 46
497 268 822 320 connssponnnncn
843 270 888 320 os
910 270 1044 320 emano.

248 441 373 524 loquar.
420 442 473 506 Τῡ
497 443 625 507 interea
649 452 716 507 non
740 444 886 508 cessabis
907 454 940 508 et
961 465 1001 508 ea
1022 465 1107 527 quae
1130 445 1233 508 habes
1253 455 1300 508 ln·

249 554 364 618 stitt'rta
379 557 546 640 perpolies
563 566 691 641 nosque
707 557 833 639 diliges.

368 783 464 846 XIX.
511 785 546 848 A
577 784 836 849 PURCHASE
868 784 930 848 OF
962 784 1179 849 STATUES

600 893 706 980 (Fam.
733 911 760 976 7.
785 913 835 975 23.
863 894 945 981 1-3).

511 1066 617 1117 cicero
639 1067 671 1116 S.
694 1067 729 1116 D.
752 1067 795 1116 M.
818 1068 915 1118 radis
936 1067 1034 1118 saus.

291 1216 439 1280 Tantum
465 1218 553 1299 quod
580 1239 621 1282 ex
644 1219 803 1300 Arpinati
824 1227 982 1282 veneram
1010 1239 1085 1282 cum
1113 1218 1194 1281 mihi
1220 1227 1238 1280 {1
1265 1229 1299 1282 te

248 1329 377 1393 litterae
402 1330 552 1393 redditae
577 1340 663 1407 sunt,
689 1331 730 1394 ab
755 1332 939 1414 eodemque
966 1339 1081 1413 accepi
1104 1331 1229 1394 Aviani
1252 1332 1300 1395 lit-

248 1450 345 1518 teras,
370 1442 405 1505 in
432 1443 552 1526 quibus
579 1444 641 1506 hoc
669 1443 775 1507 inerat
802 1444 1077 1520 liberalissimum,
1102 1444 1237 1507 nomina
1263 1453 1299 1507 se

247 1554 425 1632 factorum,
457 1576 533 1619 cum
563 1555 719 1633 venisset,
751 1564 816 1638 qua
848 1578 911 1638 ego
941 1557 1060 1620 vellem
1093 1557 1154 1619 die.
1218 1558 1296 1633 Fac,

210 1694 223 1741 5
248 1676 382 1750 quaeso,
407 1677 465 1750 qui
489 1688 552 1751 ego
578 1689 649 1731 sum
676 1689 750 1732 esse
774 1677 815 1732 te.
872 1671 976 1732 Estne
1003 1679 1061 1732 aut
1087 1679 1136 1732 tui
1162 1670 1298 1752 pudoris

248 1790 306 1844 aut
332 1791 437 1844 nostri
463 1791 605 1863 primum
633 1789 751 1863 rogare
779 1783 821 1844 de
847 1782 908 1858 die,
936 1782 1056 1844 deinde
1083 1783 1159 1864 plns
1187 1791 1297 1844 annua
1388 1822 1390 1826 -

248 1894 438 1976 postulare?
491 1894 558 1958 Sed
584 1904 706 1970 essent,
732 1905 777 1956 mi
801 1895 906 1970 Galle,
931 1894 1043 1957 omnia
1067 1894 1186 1970 facilia,
1214 1904 1242 1957 sl
1265 1905 1298 1956 et

247 2025 287 2070 ea
314 2013 479 2070 mercatus
507 2014 598 2069 esses
626 2027 710 2089 quae
738 2027 801 2088 ego
829 2006 1058 2069 desiderabam
1086 2015 1120 2069 et
1150 2006 1191 2068 ad
1222 2026 1296 2068 eam

248 2138 410 2181 summam
434 2139 534 2200 quam
555 2119 723 2181 volueram
736 2140 743 2196 ;
775 2140 814 2182 ac
836 2129 949 2182 tamen
972 2118 1036 2182 ista
1059 2118 1133 2200 ipsa
1155 2138 1241 2200 quae
1264 2126 1297 2180 te

196 2251 224 2282 10
247 2231 366 2293 emisse
394 2231 510 2293 scribis
537 2239 604 2293 non
632 2232 738 2294 solum
765 2241 838 2294 rata
868 2231 950 2294 mihi
976 2240 1082 2306 erunt,
1111 2230 1170 2293 sed
1196 2230 1296 2293 etiam

247 2349 349 2423 grata.
400 2344 501 2406 Plane
525 2343 614 2406 enim
639 2343 798 2425 intellego
821 2351 855 2407 te
879 2352 947 2406 non
971 2343 1069 2406 modo
1094 2341 1212 2418 studio,
1237 2342 1296 2405 sed

246 2455 347 2517 etiam
375 2463 486 2518 amore
514 2462 619 2530 risum,
648 2476 733 2538 quae
761 2463 794 2518 te
821 2455 1024 2529 delectarint,
1055 2454 1232 2530 hominem,
1261 2463 1297 2516 ut

246 2587 310 2649 ego
337 2588 470 2649 semper
496 2568 647 2644 indicavi,
675 2567 708 2630 in
736 2578 826 2630 omni
853 2568 974 2631 iodicio
1001 2566 1294 2648 elegantissimum,

245 2701 331 2764 quae
354 2688 408 2743 me
435 2680 537 2762 digna
564 2680 691 2762 putaris
718 2681 887 2744 coemisse.
943 2681 1010 2744 Sed
1035 2679 1133 2742 velim
1162 2689 1297 2741 maneat

194 2810 220 2856 15
246 2793 473 2876 Damasippus
489 2793 523 2855 in
540 2792 713 2855 sententia.
763 2794 900 2855 Prorsus
921 2792 1009 2855 enim
1030 2813 1070 2854 ex
1090 2792 1162 2854 istis
1182 2791 1297 2873 empti-

245 2905 364 2968 onibus
390 2905 515 2967 nfillam
543 2905 704 2968 desidero.
761 2907 814 2968 Τῡ
845 2915 957 2968 autem
988 2911 1124 2985 ignarus
1154 2903 1298 2966 institfitl

242 3059 306 3120 fers,
313 3063 413 3127 μαψ
448 3073 501 3123 143.
514 3059 641 3119 cessabis,
654 3078 669 3109 a
681 3062 757 3125 polite
784 3062 839 3110 nius
862 3062 905 3110 the
925 3068 1019 3110 statues
1039 3061 1184 3109 mentioned
1204 3058 1292 3107 below.

244 3144 386 3208 equivalent
400 3143 429 3192 of
444 3144 486 3192 the
501 3143 656 3207 imperative,
670 3144 757 3206 chiefly
784 3144 806 3192 6.
825 3143 875 3200 die,
888 3159 921 3192 sc.
934 3144 1071 3202 solutionis,
1084 3151 1107 3192 to
1118 3143 1163 3191 ask
1167 3143 1214 3208 for
1225 3143 1292 3189 time.

243 3226 384 3290 colloquial.
425 3239 478 3286 144.
495 3225 638 3290 perpolies,
651 3233 703 3289 put
720 3227 758 3273 tlze
787 3239 822 3274 10.
837 3227 906 3282 rata,
918 3226 1035 3289 accepted.
1073 3239 1110 3288 13.
1124 3222 1297 3289 elegantissi-

239 3308 369 3377 finishing
382 3308 478 3356 touches
493 3315 525 3356 to.
783 3320 865 3366 mum,
878 3309 909 3373 os
917 3310 956 3357 tlte
962 3315 1070 3372 greatest
1079 3315 1146 3356 toste.
1187 3319 1223 3371 15.
1244 3307 1297 3355 Da-

287 3391 359 3439 XIX.
386 3403 406 3438 1.
423 3391 543 3440 Tantum
555 3390 632 3454 quod,
645 3390 689 3437 but
691 3391 755 3454 just.
782 3389 960 3454 masippus‚a
976 3392 1086 3439 virtuoso
1102 3391 1152 3438 and
1169 3388 1255 3447 dealer
1269 3388 1296 3436 in

241 3471 419 3536 -Aspinati,
436 3489 478 3536 my
491 3474 553 3522 villa
571 3479 599 3520 at
612 3475 754 3536 Arpinum.
784 3474 865 3522 works
888 3474 918 3521 os
940 3481 993 3532 art;
1024 3475 1057 3521 he
1080 3487 1161 3521 seems
1183 3478 1209 3519 to
1232 3470 1296 3518 have

243 3569 265 3619 3.
286 3554 397 3606 nomina
414 3568 443 3604 se
463 3552 609 3612 facturum,
626 3556 656 3603 lte
672 3557 759 3604 would
783 3556 876 3605 offered
894 3563 921 3604 to
941 3557 1000 3604 take
1017 3557 1060 3604 the
1080 3562 1174 3604 statues
1191 3553 1229 3602 off
1241 3553 1297 3602 Cic·

241 3645 313 3688 enter
334 3638 373 3686 the
395 3637 463 3693 sole,·
489 3637 574 3698 acting
598 3653 625 3684 as
649 3637 756 3686 Cicero's
783 3640 846 3686 ero’s
873 3639 962 3686 hands.
977 3639 1158 3689 -Prorsus.
1182 3673 1187 3685 .
1210 3671 1216 3684 .
1238 3635 1297 3685 nul-

242 3728 327 3786 agent,
337 3720 423 3771 Gallus
434 3720 484 3768 had
496 3720 592 3782 bought
605 3720 668 3767 from
681 3721 755 3768 Avia·
782 3721 846 3779 lam,
860 3728 928 3769 nota
941 3721 1019 3784 single
1031 3737 1083 3769 one.
1115 3719 1152 3769 16.
1165 3716 1297 3775 instituti,
