2988 4160
244 242 285 322 56
493 253 817 304 conunsnonnnwcn
840 256 884 304 or
907 256 1042 307 crunno.

242 426 325 490 nihil
341 447 414 490 esse
431 427 529 490 audio
545 448 654 510 neque
670 438 742 490 auri
757 449 865 512 neque
882 439 1020 510 argenti.
1069 429 1109 493 ld
1128 441 1155 494 si
1170 431 1215 495 ita
1230 442 1293 510 est,

242 540 395 603 essedum
413 540 546 622 aliquod
563 541 676 622 capias
693 541 817 604 suadeo
833 551 865 603 et
885 542 927 604 ad
946 550 1007 604 nos
1026 563 1126 625 quam
1148 555 1293 626 primum

242 660 401 715 recurras.
443 652 502 715 Sin
519 663 628 716 autem
646 653 717 716 sine
735 653 907 716 Britannia
924 664 1035 717 tamen
1049 656 1188 738 adsequi
1202 659 1293 740 quod

241 765 393 828 volumus
410 785 596 846 possumus,
610 767 731 847 perfice
744 775 779 828 ut
792 776 837 828 sis
850 767 883 828 in
896 767 1114 831 familiaribus
1128 769 1290 832 Caesaris,

190 901 217 932 10
244 879 388 940 Multum
404 885 437 940 te
453 877 486 940 in
503 886 542 941 eo
560 879 664 940 frater
685 878 854 941 adiuvabit
873 899 976 954 meus,
994 881 1135 942 multum
1157 881 1290 958 Balbus,

241 991 309 1065 sed,
327 990 408 1052 mihi
426 990 533 1065 crede,
546 1000 630 1053 ‘tuus
652 991 760 1072 pudor
781 1000 814 1054 et
835 991 928 1054 labor
948 992 1136 1072 plurimum.
1185 993 1293 1074 Impe-

241 1109 383 1164 ratorem
397 1103 500 1165 habes
516 1103 791 1180 liberalissimum,
807 1111 950 1166 aetatem
964 1105 1290 1186 opportunissimam,

241 1215 563 1278 commendationem
586 1223 675 1278 certe
694 1216 906 1296 singularem,
924 1226 961 1279 ut
978 1217 1038 1280 tibi
1057 1225 1159 1279 imum
1177 1217 1292 1281 timen-

241 1327 319 1390 dum
337 1327 387 1404 sit,
405 1335 447 1390 ne
463 1328 535 1410 ipse
551 1328 611 1390 tibi
626 1329 773 1391 defuisse
789 1329 930 1392 videare.

305 1576 433 1640 XXIV.
482 1575 659 1641 CICERO
693 1574 916 1642 BANTERS
947 1573 1224 1644 TREBATIUS

596 1695 703 1780 (Fam.
724 1712 750 1776 7.
774 1699 820 1760 16.
839 1716 867 1774 2,
887 1695 929 1781 3).

285 1867 358 1947 Ego
375 1875 403 1928 si
419 1866 499 1928 foris
516 1865 704 1938 cenitarem,
723 1867 782 1929 Cn.
802 1866 951 1943 Octavio,
970 1867 1124 1929 familiari
1138 1875 1205 1944 tuo,
1222 1876 1290 1931 non

240 1979 439 2055 defuissem;
464 1977 518 2041 eui
540 1988 652 2040 tamen
678 1979 751 2053 dixi,
776 1999 852 2041 eum
876 1987 929 2041 me
952 1979 1149 2061 aliquotiens
1176 1981 1291 2043 invita-

239 2101 307 2156 ret:
347 2075 435 2154 ‘Oro
466 2098 507 2166 te,
540 2090 614 2172 quis
644 2097 680 2152 tu
712 2091 788 2152 es?’
851 2091 918 2155 Sed
949 2093 1165 2168 mehercules,
1198 2101 1290 2156 extra

238 2203 356 2278 iocum,
374 2203 474 2265 homo
492 2202 600 2265 bellus
619 2212 688 2279 est;
712 2203 832 2266 vellem
854 2223 930 2266 eum
950 2212 1060 2266 tecum
1085 2205 1287 2268 abduxisses.

200 2331 213 2376 5
240 2315 330 2398 Quid
346 2315 453 2396 agatis
469 2324 503 2378 et
519 2315 638 2397 ecquid
655 2315 688 2376 in
709 2315 839 2378 ltaliam
855 2323 987 2378 venturi
1006 2317 1077 2380 sitis
1096 2319 1157 2380 hac
1179 2317 1288 2380 hieme

238 2428 292 2490 fac
316 2428 415 2508 plane
439 2427 550 2490 sciam.
611 2427 735 2490 Balbus
759 2428 839 2490 mihi
863 2430 1074 2492 confirmavit
1096 2437 1129 2492 te
1152 2429 1288 2492 divitem

237 2541 395 2603 futurum.
453 2541 493 2603 Id
522 2549 631 2602 utrum
661 2541 814 2604 Romano
841 2549 931 2604 more
962 2542 1091 2605 loeutus
1123 2542 1173 2618 sit,
1201 2543 1287 2605 bene

237 2659 444 2715 nummatum
475 2661 508 2715 te
539 2653 697 2728 futurum,
727 2674 770 2715 an
801 2661 868 2736 quo
898 2655 997 2716 modo
1029 2654 1132 2719 Stoici
1163 2655 1285 2731 dicunt,

236 2775 344 2827 omnis
360 2785 433 2827 esse
450 2765 566 2827 divites
583 2775 641 2847 qui
656 2766 748 2828 caelo
767 2776 800 2828 et
818 2773 905 2828 terra
927 2767 994 2828 frui
1015 2767 1153 2848 possint,
1171 2774 1287 2848 postea

185 2899 211 2930 10
236 2877 362 2940 videbo.
417 2877 484 2958 Qui
507 2877 603 2940 istinc
627 2879 765 2941 veniunt
789 2878 979 2960 superbiam
1002 2889 1092 2941 tuam
1116 2887 1284 2955 accusant,

234 3046 344 3108 struggle
358 3045 419 3094 with
436 3047 479 3094 the
499 3046 578 3095 Gallie
596 3047 744 3109 insurgente
774 3047 839 3112 quid
853 3086 858 3096 .
871 3085 877 3096 .
890 3085 896 3097 .
909 3047 981 3108 sitis,
991 3049 1098 3098 whether
1102 3065 1156 3112 you
1167 3065 1213 3096 are
1225 3064 1286 3096 com·

235 3129 257 3178 8.
281 3129 351 3193 quod
371 3130 503 3188 volumus,
524 3129 563 3178 ie.
588 3131 630 3178 the
654 3130 747 3193 prefer·
775 3133 822 3194 a'ng
831 3139 860 3178 at
869 3132 923 3189 all,·
941 3132 1032 3180 Caesar
1047 3132 1140 3193 usually
1152 3138 1226 3194 spent
1243 3131 1285 3178 the

234 3219 303 3260 ment
324 3212 352 3260 ol
368 3212 507 3261 Trebatius.
551 3225 587 3261 12.
606 3213 744 3262 aetatem:
774 3214 861 3262 winter
877 3215 902 3262 in
919 3215 1005 3263 Gallia
1025 3215 1164 3276 Cisalpina,
1182 3214 1236 3260 that
1253 3213 1285 3260 he

233 3296 363 3344 Trebatius
386 3311 436 3344 was
460 3303 485 3344 at
510 3295 558 3343 this
584 3297 643 3344 time
670 3296 746 3344 about
774 3297 854 3359 might
875 3298 954 3345 watch
978 3298 1019 3345 the
1043 3312 1130 3344 course
1151 3296 1180 3343 os
1200 3302 1286 3343 events

234 3379 375 3440 thirty-five.
773 3388 798 3428 at
817 3381 906 3437 Rome,
925 3381 968 3428 but
986 3380 1076 3441 during
1094 3379 1136 3427 the
1154 3378 1241 3426 winter
1259 3376 1287 3425 of

276 3463 371 3510 XXIV.
404 3474 423 3510 r.
447 3459 472 3510 si
495 3459 563 3511 foris
587 3460 742 3522 cenitarem,
773 3475 853 3526 54-53
871 3473 918 3510 ne.
937 3463 968 3509 he
989 3461 1096 3523 thought
1116 3462 1134 3508 it
1155 3475 1285 3523 necessary

233 3545 262 3610 is
276 3546 296 3592 I
313 3561 378 3593 were
402 3545 431 3592 in
454 3545 492 3592 tlte
514 3544 584 3591 habit
606 3545 637 3608 os
652 3545 748 3607 dining
772 3553 797 3592 to
810 3545 904 3592 remain
918 3545 976 3592 with
990 3545 1028 3592 his
1043 3559 1110 3605 army
1123 3549 1148 3591 at
1164 3545 1284 3592 Samaro-

232 3635 279 3676 aut.
315 3641 337 3690 3.
353 3627 430 3676 extra
447 3625 542 3684 iocum,
553 3627 744 3690 jokingapart.
771 3628 844 3674 briva
858 3626 999 3690 (Amiens).
1035 3640 1057 3690 7.
1072 3627 1192 3677 Romano
1203 3639 1284 3684 more,

231 3725 254 3776 4.
267 3710 346 3762 homo
357 3710 452 3767 bellus,
462 3725 478 3756 a
483 3709 542 3778 fine
547 3709 639 3778 sellow.
669 3720 691 3777 5.
704 3721 744 3758 ec·
771 3710 888 3776 literally.
897 3710 1006 3759 —bene
1028 3708 1209 3770 nummatum,
1229 3709 1287 3760 well
