2988 4160
236 269 281 332 44
489 259 813 315 conrssronnauca
835 260 880 314 or
902 260 1038 314 cremo.

239 457 324 520 quae
340 437 393 500 vel
409 447 438 500 si
452 439 543 500 milla
558 439 633 514 sint,
651 439 754 500 nihili)
770 439 836 501 sint
853 447 965 500 tamen
987 437 1194 500 obsctirir'rras
1210 437 1290 500 clari

238 549 307 612 viri.
372 550 444 614 Nec
471 549 580 613 minus
608 560 659 614 est
684 550 868 632 Spartiates
892 549 1072 631 Agesilaus
1100 549 1154 612 ille
1182 539 1289 631 perhi-

190 691 193 699 .
238 661 377 739 benduS,
395 672 451 745 qui
467 683 576 745 neque
592 663 714 746 pictam
732 683 841 745 neque
860 663 971 726 fictam
993 661 1172 743 imaginem
1195 683 1288 725 suam

187 794 358 856 roopassus
390 783 441 838 est
471 795 554 851 esse,
587 795 687 857 quam
719 785 776 857 qui
804 775 837 837 in
869 783 909 837 ea
935 795 1059 856 genere
1086 773 1286 837 labararunt.

241 870 339 951 [Inus
364 887 450 949 enim
478 887 712 969 Xenophantis
738 887 867 950 libellus
892 887 926 949 in
951 895 991 952 ea
1015 895 1094 967 rage
1121 887 1289 948 laudanda

239 999 337 1062 facile
368 1009 475 1062 omnis
506 999 669 1081 imagines
707 1000 854 1063 omnium
885 1007 1078 1081 statuasque
1110 999 1286 1080 superavit.

239 1111 354 1194 Atque
371 1112 433 1175 hac
450 1111 673 1193 praestantius
689 1111 770 1174 mihi
785 1111 885 1174 fuerit
901 1121 934 1174 et
950 1112 993 1174 ad
1011 1110 1171 1173 laetitiam
1188 1111 1290 1173 animi

239 1233 272 1287 et
292 1223 334 1286 ad
358 1225 536 1288 memoriae
560 1224 757 1306 dignitatem
779 1234 808 1286 si
827 1224 861 1286 in
882 1233 939 1286 tua
961 1233 1084 1304 scripta
1105 1230 1289 1304 pervener&

188 1356 339 1418 105quam
361 1345 390 1398 si
409 1336 443 1398 in
464 1344 657 1413 ceterarum,
680 1337 769 1418 quod
792 1344 860 1398 nan
883 1336 1055 1417 ingenium
1079 1335 1161 1397 mihi
1181 1336 1288 1398 salum

239 1447 485 1529 suppeditatum
514 1448 615 1511 tuerit
641 1458 744 1523 tuum,
770 1457 854 1510 sicut
882 1449 1124 1510 Timoleontia
1151 1448 1289 1510 Timaea

239 1569 296 1622 aut
317 1560 359 1622 ab
382 1561 556 1623 Herodoti)
577 1560 802 1635 Themistocli,
823 1560 883 1622 sed
904 1559 1004 1622 etiam
1028 1559 1205 1622 auctaritas
1227 1560 1289 1622 cla-

239 1672 360 1735 rissimi
381 1683 415 1735 et
438 1673 674 1754 spectatissimi
693 1673 755 1735 viri
777 1681 810 1735 et
833 1672 867 1734 in
890 1682 938 1734 rei
962 1671 1115 1753 pirblicae
1139 1671 1289 1734 maximis

239 1785 509 1868 gravissimisque
528 1795 636 1849 causis
655 1785 780 1866 cagniti
800 1794 900 1867 atque
916 1784 949 1846 in
967 1793 1080 1866 primis
1097 1784 1235 1865 probati,
1253 1793 1290 1846 ut

187 1897 320 1960 rromihi
350 1905 418 1960 nan
449 1898 556 1960 salum
591 1896 814 1978 praecanium,
847 1896 945 1979 quod,
978 1916 1054 1958 cum
1084 1895 1118 1958 in
1153 1896 1289 1976 Sigeum

238 2009 393 2084 venisset,
418 2009 611 2072 Alexander
635 2009 678 2072 ab
704 2010 853 2072 Homero
877 2007 1002 2071 Achilli
1028 2007 1188 2070 tribritum
1215 2026 1289 2070 esse

239 2121 329 2198 dixit,
361 2122 421 2185 sed
451 2121 551 2185 etiam
582 2141 684 2203 grave
718 2120 945 2184 testimonium
976 2119 1179 2201 impertitum
1211 2119 1290 2182 clari

240 2234 382 2298 hominis
405 2241 584 2316 magnique
610 2234 770 2298 videatur.
830 2234 942 2296 Placet
965 2232 1054 2295 enim
1081 2233 1209 2294 Hector
1235 2231 1289 2294 ille

240 2346 320 2409 mihi
344 2347 547 2422 Naevianus,
571 2357 627 2429 qui
649 2355 716 2410 nan
739 2355 870 2409 tantum
893 2345 1055 2407 ‘laudari’
1079 2345 1287 2419 selaetatur,

189 2482 229 2529 115
240 2460 299 2522 sed
325 2460 416 2523 addit
442 2460 541 2523 etiam
568 2465 604 2522 ‘a
631 2459 765 2522 laudata
788 2459 877 2521 vira!
946 2457 1046 2539 Quod
1074 2467 1102 2519 si
1124 2463 1143 2518 a
1166 2463 1200 2519 te
1223 2463 1289 2518 nan

240 2571 390 2653 impetra,
408 2573 469 2636 hac
489 2582 548 2649 est,
566 2582 595 2635 si
609 2592 694 2654 quae
710 2579 744 2634 te
759 2579 812 2634 res
828 2569 1184 2652 impedierit—neque
1202 2568 1289 2630 enim

240 2685 292 2747 las
320 2705 392 2748 esse
420 2685 560 2749 arbitror
586 2684 764 2768 quicquam
790 2691 848 2745 'me
875 2691 1049 2764 rogantem
1076 2681 1136 2744 abs
1163 2688 1196 2742 te
1223 2688 1290 2742 nan

240 2797 417 2878 impetrare
429 2835 481 2875 -,
499 2807 599 2880 erigar
614 2799 758 2862 fortasse
774 2798 886 2860 lacere
902 2795 991 2878 quod
1008 2803 1074 2856 nan
1091 2794 1174 2856 milli
1190 2813 1290 2873 saepe

240 2972 266 3018 in
284 2971 327 3020 the
347 2985 401 3020 rare
422 2973 501 3021 active
521 2988 600 3032 sense,
617 2979 750 3034 strangers.
779 2973 829 3020 and
860 2970 1000 3019 conducted
1032 2985 1047 3016 a
1078 2967 1212 3016 successful
1242 2983 1291 3014 war

240 3054 279 3116 98.
312 3054 476 3118 Spartiates,
507 3057 546 3104 tte
580 3057 702 3120 Spartan.
719 3083 753 3092 —
778 3055 876 3120 against
910 3054 953 3102 the
987 3051 1179 3112 Carthaginians
1214 3049 1292 3110 (339-

240 3136 428 3200 perhibendUS,
455 3145 523 3186 must
548 3139 574 3186 be
600 3138 748 3187 vacationed
779 3137 827 3200 338
855 3139 937 3200 13.c.);
973 3137 1056 3184 notice
1085 3135 1127 3182 the
1157 3134 1290 3181 chlasmus.

243 3231 296 3267 roo.
320 3218 349 3268 iu
372 3232 403 3270 eo
427 3233 530 3284 genere,
551 3222 590 3270 i.e.
611 3223 637 3270 in
660 3221 753 3282 having
782 3221 835 3270 108.
853 3217 1059 3284 spectatissimi,
1079 3224 1140 3265 most
1157 3215 1240 3280 highly
1258 3231 1292 3262 es-

241 3303 348 3365 pictures
368 3304 418 3350 and
439 3311 532 3351 statues
555 3304 583 3352 os
603 3305 752 3352 themselves
779 3303 875 3352 teemed.
916 3315 969 3363 109.
990 3299 1101 3365 cogniti,
1119 3300 1191 3347 tried.
1236 3310 1289 3345 110.

206 3429 209 3435 .
241 3387 324 3433 made.
376 3399 430 3447 103.
451 3386 655 3449 praestantius,
686 3403 754 3434 more
778 3383 958 3450 praeconium,
970 3384 1113 3432 laudatiora.
1152 3395 1205 3442 114.
1223 3381 1292 3430 Nae-

240 3468 341 3533 kelpsul.
398 3482 450 3529 104.
488 3468 632 3520 memoriae
665 3467 753 3533 digni·
779 3467 885 3526 vienus,
903 3468 945 3516 ie.
969 3468 995 3514 in
1016 3467 1059 3514 the
1079 3465 1172 3513 Hector
1189 3463 1293 3530 Prqtci·

240 3550 337 3609 tatem,
359 3567 401 3614 my
418 3552 579 3614 posthumum
602 3553 753 3614 reputation.
779 3567 855 3600 scens.
872 3550 983 3598 Naevius
992 3549 1125 3598 flourished
1137 3548 1212 3596 inthe
1222 3547 1294 3595 latter

244 3634 297 3682 106.
319 3633 498 3685 Timoleonti:
525 3635 556 3682 he
578 3635 689 3698 deposed
712 3635 754 3683 the
781 3633 836 3682 half
854 3633 883 3682 ol
900 3634 942 3682 the
964 3633 1030 3681 third
1050 3638 1152 3693 century
1168 3642 1234 3688 13.c.;
1261 3629 1294 3676 he

241 3721 335 3781 tyrants
347 3717 376 3765 ol
385 3717 427 3765 the
441 3717 524 3765 Greek
541 3717 610 3765 cities
628 3717 657 3765 ol
672 3717 755 3781 Sicily,
782 3732 832 3765 was
848 3717 892 3765 the
906 3716 987 3764 lather
1002 3715 1030 3762 ol
1047 3715 1146 3762 Roman
1163 3713 1218 3776 epic
1234 3727 1295 3777 poe·
