2988 4160
239 277 283 354 64
490 285 815 336 connasrononncs
837 284 882 335 or
903 284 1038 334 cronno.

240 468 337 523 mane
357 460 539 522 salutamus
559 460 648 522 domi
668 468 701 522 et
721 459 828 522 bonos
843 458 931 521 viros
952 459 1082 534 multos,
1101 458 1160 521 sed
1177 467 1290 535 tristis

240 583 274 636 et
300 574 361 635 hos
388 573 492 635 laetos
519 571 669 646 victores
699 581 755 653 qui
781 579 833 634 me
861 570 994 653 quidem
1022 570 1228 652 perofficiose
1258 581 1292 634 et

240 693 452 767 peramanter
481 685 667 747 observant.
716 683 784 747 Ubi
815 683 971 746 salutatio
1001 683 1146 759 defluxit,
1175 684 1291 747 litteris

239 805 293 859 me
317 797 467 873 involvo;
499 806 556 858 aut
583 797 690 859 scribo
718 805 775 859 aut
800 797 884 877 lego.
931 796 1082 859 Veniunt
1108 797 1208 888 etiam
1235 809 1292 881 qui

187 932 216 976 30
240 918 292 973 me
319 910 459 972 audiunt
486 909 581 992 quasi
607 909 742 972 doctum
770 908 948 984 hominem,
977 909 1054 991 quia
1085 911 1186 992 paulo
1217 932 1290 974 sum

239 1043 340 1105 quam
365 1022 428 1104 ipsi
452 1022 586 1084 doctior.
635 1021 718 1084 Inde
743 1031 873 1102 corpori
897 1042 996 1085 omne
1022 1032 1155 1105 tempus
1182 1024 1288 1088 datur.

241 1134 384 1197 Patriam
402 1135 488 1196 eluxi
503 1134 567 1196 iarn
585 1144 618 1196 et
634 1134 767 1215 gravius
784 1143 817 1196 et
833 1134 956 1197 diutius
975 1156 1074 1218 quam
1097 1137 1165 1199 ulla
1185 1145 1291 1200 mater
1374 1183 1379 1188 -

241 1247 374 1310 r'rnicum
401 1247 516 1309 filium.
567 1247 634 1311 Sed
661 1254 750 1322 cura,
776 1257 805 1309 si
832 1255 884 1309 me
912 1255 1013 1324 amas,
1040 1258 1077 1311 ut
1100 1250 1222 1326 valeas
1249 1257 1291 1312 ne

240 1379 304 1441 ego
320 1367 353 1422 te
368 1359 497 1422 iacente
514 1359 602 1422 bona
622 1368 680 1421 tua
701 1359 872 1422 comedim.
916 1361 1031 1432 ¹Statui
1053 1361 1142 1424 enim
1166 1362 1226 1425 tibi
1249 1370 1291 1425 ne

188 1489 216 1537 35
240 1479 378 1554 aegroto
394 1471 528 1553 quidem
545 1491 691 1553 parcere.

308 1704 422 1767 XXX.
470 1705 571 1768 THE
603 1704 802 1768 PARDON
836 1704 898 1769 OF
932 1705 1229 1772 MARCELLUS

598 1814 701 1901 (from
723 1817 814 1879 Fam.
834 1836 864 1896 4.
885 1816 928 1901 4).

285 1975 364 2054 Uno
379 1996 412 2051 te
426 1988 575 2064 vicimus,
593 1988 682 2070 quod
698 1989 739 2050 de
757 1989 917 2064 Marcelli,
934 1990 1094 2071 conl'e'gae
1110 1999 1166 2066 tui,
1184 1992 1291 2054 salute

240 2102 341 2184 paulo
372 2111 450 2164 ante
482 2123 580 2183 quam
612 2108 648 2163 tu
681 2101 916 2182 cognovimus;
956 2101 1055 2164 etiam
1091 2105 1290 2180 mehercule,

240 2215 328 2297 quod
350 2235 447 2296 quem
470 2215 512 2276 ad
535 2215 669 2277 modum
694 2234 733 2276 ea
756 2221 809 2276 res
833 2222 987 2295 ageretur
1002 2215 1152 2278 vidimus
1202 2218 1291 2279 Nam

240 2328 364 2390 siclae
392 2327 567 2402 existimes
592 2336 668 2408 post
696 2327 756 2389 has
785 2326 942 2402 miserias
968 2327 1001 2389 id
1028 2337 1088 2403 est,
1113 2339 1290 2411 postquam

202 2454 215 2500 5
240 2449 339 2501 armis
356 2439 535 2521 disceptari
553 2448 708 2520 coeptum
731 2448 781 2501 est
802 2440 843 2502 de
864 2439 934 2502 iure
955 2439 1097 2520 publico,
1116 2441 1198 2503 nihil
1217 2461 1291 2504 esse

239 2558 351 2614 actum
368 2551 457 2614 aliud
476 2572 551 2614 cum
574 2551 743 2632 dignitate.
793 2552 880 2614 Nam
903 2551 1028 2634 etipse
1054 2554 1178 2616 Caesar
1198 2561 1292 2616 accir-

240 2671 312 2726 sata
333 2663 513 2726 acerbitate
533 2664 792 2727 Marcelli—sic
816 2663 905 2726 enim
928 2665 1292 2746 appellabat-lauda·

240 2829 279 2877 26.
300 2829 459 2888 salutamus,
478 2837 565 2894 grem
589 2830 632 2878 the
654 2828 752 2876 visitors
823 2828 905 2875 XXX.
932 2828 1039 2876 Written
1055 2828 1081 2876 in
1098 2828 1245 2892 September
1263 2845 1289 2877 or

240 2911 320 2960 called
345 2913 371 2960 in
394 2913 548 2961 accordance
572 2913 630 2960 with
655 2919 751 2960 custom
779 2910 896 2967 October,
913 2911 946 2971 46
963 2922 1019 2969 nc,
1040 2918 1066 2960 to
1087 2912 1186 2960 Servius
1209 2912 1291 2974 Sulpi·

239 3003 265 3043 to
288 3010 337 3058 pay
357 2995 422 3042 their
441 3003 550 3059 respects
570 3002 596 3043 to
616 2995 659 3043 the
682 3003 752 3055 great
779 2995 838 3051 cius,
867 2995 924 3042 who
952 3011 1002 3042 was
1031 2995 1220 3056 administering
1248 2995 1291 3042 the

239 3093 310 3135 man;
332 3078 382 3126 this
400 3078 487 3126 formal
505 3079 621 3142 morning
639 3079 686 3127 call
701 3095 752 3127 was
778 3077 896 3139 province
915 3077 944 3125 of
959 3079 1063 3126 Achaia.
1102 3078 1138 3126 M.
1157 3077 1291 3125 Marcellus

240 3161 321 3209 called
338 3162 593 3213 salutatio—bonos
610 3161 690 3220 viros,
709 3163 751 3210 the
779 3160 827 3208 had
845 3161 936 3222 during
951 3161 990 3208 his
1006 3161 1149 3224 consulship
1164 3161 1205 3224 (51
1220 3160 1287 3222 uc.)

240 3243 358 3292 defeated
376 3245 533 3308 Pompeians.
572 3245 612 3293 28.
632 3244 751 3304 defluxit,
778 3247 865 3294 shown
880 3246 982 3294 himself
997 3262 1011 3293 a
1029 3254 1094 3293 most
1112 3245 1185 3292 bitter
1202 3259 1291 3306 enemy

241 3327 263 3374 is
274 3343 339 3375 over.
371 3340 409 3389 31.
423 3327 531 3391 corpori,
544 3328 583 3376 i.e.
597 3334 622 3376 to
636 3328 751 3386 exercise,
779 3329 807 3376 of
821 3328 920 3386 Caesar,
937 3330 986 3377 and
1004 3329 1072 3376 since
1091 3327 1223 3376 Pharsalus
1240 3323 1291 3374 had

240 3409 283 3456 the
304 3409 372 3468 bath,
391 3412 440 3459 and
463 3411 560 3458 dinner.
608 3423 647 3472 32.
668 3410 749 3470 eluxi,
778 3411 842 3457 been
855 3410 932 3470 living
944 3410 968 3456 in
981 3409 1111 3471 voluntary
1124 3409 1186 3456 exile
1199 3415 1224 3456 at
1237 3409 1291 3470 My-

239 3493 303 3540 have
320 3494 461 3549 mourned:
487 3494 530 3542 the
550 3494 627 3557 prefix
648 3495 753 3542 denotes
777 3493 861 3540 tilene.
905 3504 925 3540 1.
949 3491 1016 3549 Uno,
1038 3493 1067 3539 in
1091 3508 1137 3539 one
1159 3497 1290 3554 respect.-

241 3577 295 3624 that
318 3577 360 3624 the
384 3577 471 3641 period
497 3577 526 3624 of
549 3576 683 3637 mourning
708 3577 753 3624 has
779 3576 912 3639 conlegae,
933 3576 960 3622 in
980 3576 1023 3623 the
1044 3575 1188 3638 consulship
1211 3575 1240 3622 of
1261 3587 1289 3639 51

241 3658 305 3707 been
322 3660 471 3724 completed.
507 3673 545 3722 34.
563 3659 703 3717 comedim,
716 3667 756 3707 eat
780 3671 829 3706 nc.
844 3659 985 3716 -salute,
1009 3659 1166 3706 restoration.
1218 3657 1241 3706 6.
1265 3657 1294 3708 et

242 3748 283 3805 up.
321 3755 359 3806 35.
380 3743 495 3807 aegroto,
510 3763 533 3784 =
547 3758 627 3805 aegro.
780 3741 839 3805 ipse
857 3741 970 3791 Caesar:
991 3742 1061 3790 there
1076 3742 1096 3790 is
1113 3757 1128 3790 a
1143 3741 1219 3804 slight
1234 3757 1294 3790 ana-
