2988 4160
224 281 267 346 94
475 273 800 323 CORRESPONDENCE
822 275 867 324 OF
889 275 1023 326 CICERO.

224 448 336 512 animo
362 455 395 510 te
422 447 552 524 fecisse,
577 448 637 510 sed
662 457 776 511 tamen
806 469 915 531 neque
946 451 1157 532 agnoscimus
1188 453 1276 535 quic-

224 582 323 644 quam
347 569 461 624 eorum
485 569 518 622 ct
540 567 574 622 te
597 567 762 636 miramur,
787 581 861 624 eum
891 563 974 626 haec
1002 563 1182 640 reticueris,
1207 574 1275 629 non

224 673 373 756 potuisse
389 672 560 736 continere
575 673 779 735 iracundiam
796 682 888 735 tuam
904 685 984 757 quin
1000 676 1096 739 nobis
1112 677 1153 739 de
1169 666 1276 741 morte

136 813 140 826 .
225 785 377 852 Caesaris
401 785 557 848 obiceres.
606 785 692 847 lllud
714 793 794 849 vero
816 806 915 868 quem
939 787 981 849 ad
1007 789 1142 851 modum
1165 791 1276 852 icrun-

174 922 200 968 15
224 899 303 961 dum
331 898 373 961 sit
399 905 470 960 tute
498 897 616 978 cogita,
637 906 704 960 non
728 898 826 961 licere
849 899 1056 980 praetoribus
1080 902 1275 966 concordiae

224 1031 262 1074 ac
287 1009 447 1073 libertatis
473 1017 573 1072 causa
597 1029 658 1092 per
683 1010 827 1073 edictum
853 1011 895 1073 de
922 1020 982 1074 suo
1006 1012 1076 1075 iure
1103 1013 1273 1091 decedere,

225 1133 304 1206 quin
328 1123 444 1186 consul
467 1143 559 1184 arma
582 1122 733 1184 minetur.
798 1123 948 1206 Quorum
972 1125 1097 1187 fiducia
1120 1125 1202 1188 nihil
1225 1136 1276 1190 est

225 1235 314 1318 quod
330 1243 391 1297 nos
407 1242 541 1297 terreas
590 1235 709 1318 Neque
722 1235 811 1297 enim
824 1236 920 1299 decet
936 1247 993 1299 aut
1009 1237 1165 1301 convenit
1180 1238 1275 1302 nobis

226 1348 372 1430 periculo
391 1347 449 1409 ulli
467 1347 660 1410 submittere
682 1347 828 1410 animum
850 1358 1000 1412 nostrum
1016 1370 1125 1432 neque
1141 1360 1192 1414 est
1207 1351 1277 1413 An-

173 1491 203 1523 ω
225 1460 316 1523 tonis>
341 1459 578 1542 postulandum
605 1469 641 1522 ut
665 1459 705 1522 iis
732 1461 873 1542 imperet
898 1469 1038 1544 quorum
1065 1470 1168 1544 opera
1194 1463 1277 1526 liber

225 1582 284 1635 est.
333 1573 405 1634 Nos
426 1581 455 1634 si
475 1571 539 1634 alia
560 1574 771 1636 hortarentur
791 1584 828 1636 ut
850 1573 973 1637 bellum
998 1574 1092 1638 civile
1116 1575 1276 1638 suscitare
1315 1643 1319 1650 ,

225 1685 395 1760 vellemus
423 1684 551 1747 litterae
578 1695 656 1747 tuac
682 1685 764 1747 nihil
792 1687 999 1768 proficerent.
1057 1687 1160 1750 Nulla
1186 1687 1293 1764 enim,

226 1797 383 1862 minantis
405 1798 582 1860 auctoritas
602 1798 693 1879 apud
716 1798 837 1861 liberos
860 1808 919 1862 est.
979 1800 1046 1864 Sed
1070 1801 1209 1883 pulchre
1231 1800 1277 1862 in-

225 1909 356 1992 tellegis
377 1918 444 1972 non
466 1931 566 1992 posse
587 1918 648 1973 nos
670 1919 837 1994 quoquam
858 1911 992 1993 impelli,
1010 1921 1043 1976 et
1064 1913 1216 1976 fortassis
1237 1920 1277 1976 ea

174 2046 202 2094 25
226 2031 262 2085 rc
286 2022 459 2086 minaciter
479 2023 560 2104 agis,
581 2033 618 2086 ut
638 2023 794 2086 iudicium
816 2033 965 2087 nostrum
987 2033 1095 2088 metus
1115 2025 1274 2088 videatur.

228 2136 300 2199 Nos
315 2135 350 2198 in
367 2137 429 2199 hac
446 2135 611 2199 sententia
632 2156 746 2199 sumus
767 2145 804 2199 ut
824 2144 858 2199 te
879 2137 1052 2220 cupiamus
1073 2138 1106 2200 in
1122 2138 1225 2201 libera
1241 2145 1277 2200 re

227 2248 359 2332 publica
383 2255 541 2330 magnum
564 2251 663 2332 atq'ue
686 2250 864 2313 honestum
891 2270 974 2326 esse,
998 2257 1156 2314 vocemus
1178 2258 1212 2313 te
1235 2251 1278 2313 ad

226 2361 335 2424 nullas
356 2361 553 2438 inimicitias
576 2362 635 2425 sed
656 2371 768 2425 tamen
792 2363 896 2444 pluris
919 2373 1067 2426 nostram
1090 2363 1276 2427 libertatem

227 2495 327 2558 quam
357 2485 449 2538 tuam
480 2475 657 2538 amicitiam
688 2475 908 2539 aestimemus.
970 2477 1022 2538 Τῡ
1050 2476 1149 2539 etiam
1177 2485 1277 2558 atquc

174 2621 204 2667 30
227 2587 327 2650 etiam
349 2587 425 2651 vide
448 2587 527 2670 quid
550 2588 721 2670 suscipias,
746 2588 824 2680 quid
849 2589 1012 2652 sustinere
1035 2599 1143 2670 possis
1167 2609 1276 2672 neque

227 2722 326 2783 quam
343 2700 398 2763 diu
415 2701 532 2765 vixerit
548 2703 681 2778 Caesar,
700 2702 758 2765 sed
775 2722 875 2784 quam
891 2710 958 2764 non
977 2702 1032 2764 diu
1054 2701 1202 2783 regnarit
1222 2702 1277 2765 fac

226 2813 362 2895 cogites
426 2815 517 2877 Deos
548 2835 757 2896 quaesumus
791 2814 928 2878 consilia
958 2823 1016 2877 tua
1045 2813 1094 2877 rei
1123 2814 1276 2897 publicae

227 2925 384 2988 salutaria
404 2926 470 2989 sint
491 2947 529 2989 ac
549 2926 627 3003 tibi;
653 2926 818 3002 siminus
842 2936 878 2989 ut
900 2927 992 2989 salva
1016 2935 1116 3010 atque
1138 2927 1277 2989 honesta

226 3046 262 3101 re
286 3038 418 3120 publica
438 3039 498 3102 tibi
516 3059 616 3121 quam
638 3038 811 3101 minimum
834 3048 977 3102 noceant
1000 3047 1164 3121 optamus.
1212 3039 1277 3101 Pri-

174 3182 202 3229 35
226 3151 279 3214 die
297 3151 383 3214 Non.
403 3152 491 3216 Sext.

226 3320 367 3368 Dolabella.
404 3321 459 3369 The
479 3322 565 3386 sequel
585 3321 739 3384 abundantly
765 3323 834 3380 dere,
852 3330 875 3371 to
892 3322 1034 3386 relinquish
1054 3321 1122 3370 their
1137 3321 1273 3383 authority.

226 3403 408 3451 substantiated
428 3403 477 3451 this
496 3411 586 3467 report,
605 3405 654 3452 and
675 3405 739 3452 their
767 3418 804 3452 20.
825 3417 914 3470 opera,
931 3405 970 3454 i.e.
991 3405 1017 3452 in
1037 3405 1080 3453 the
1101 3403 1276 3452 assassination

226 3492 327 3548 present
353 3485 436 3534 denial
463 3485 555 3550 (neque
582 3488 740 3551 agnoscimus
766 3487 794 3536 of
811 3489 909 3537 Caesar.
956 3501 994 3549 23.
1012 3487 1131 3552 pulchre,
1144 3486 1273 3552 perseclly.

226 3569 362 3632 quicquam
383 3569 483 3633 eorum)
504 3576 570 3618 must
590 3570 653 3617 have
673 3570 738 3618 been
766 3583 805 3636 25.
845 3569 981 3628 iudicium,
1021 3571 1136 3628 deciman,
1177 3569 1276 3617 resolve.

226 3651 357 3700 insincere.
416 3665 452 3700 11.
485 3651 666 3716 agnoscimus,
699 3670 738 3701 ac·
767 3666 805 3717 27.
822 3666 954 3712 vocemus,
971 3654 1113 3718 challenge,·
1132 3652 1215 3700 notice
1233 3651 1276 3700 the

225 3733 372 3799 knowledge,
391 3750 455 3783 own.
499 3734 536 3784 16.
555 3734 606 3785 de.
622 3770 628 3783 .
644 3769 651 3784 .
666 3735 739 3786 dece·
765 3738 912 3799 asyndeton.
