2988 4160
407 301 482 351 run
503 301 595 350 vora
618 300 662 350 or
687 300 877 348 nncnussax
901 311 923 364 5,
947 299 1059 362 ⁶313c.
1223 302 1262 368 75

212 489 355 560 primum
386 475 586 539 sententiam
618 483 714 556 putat
745 473 786 536 de
817 473 1104 536 animadversione
1132 473 1271 550 dixisse„

212 610 311 673 quam
336 595 452 652 omnes
476 597 553 649 ante
581 587 731 648 dixerant
759 594 890 667 praeter
918 565 1106 662 Caesarem,
1132 595 1166 648 et
1189 606 1302 654 cums

212 702 316 782 ipsius
345 699 498 763 Caesaris
527 709 594 762 tam
626 706 741 761 severa
773 697 882 772 luerit,
911 707 968 779 qui
997 695 1068 759 tum'
1099 697 1265 779 praetorio

213 815 284 876 loco
309 813 435 887 dixerit,
461 811 683 875 consularium
712 819 807 892 putat
834 809 975 872 leniores
1002 809 1116 885 fuisse,
1144 811 1262 886 Catuli,

214 927 340 1000 Servili,
369 925 594 1000 Lucullorum,
623 923 785 998 Curionis,
814 923 985 1004 Torquati,
1014 922 1142 1004 Lepidi,
1168 923 1262 997 Gelli,

212 1039 358 1112 Volcaci,
378 1037 496 1118 Figuli,
516 1037 644 1112 Cottae,
665 1037 701 1098 L.
721 1035 882 1110 Caesaris,
902 1035 937 1098 C.
958 1035 1094 1110 Pisonis,
1115 1035 1172 1098 Μ’.
1191 1035 1265 1098 Gla-

212 1150 346 1226 brionis,
364 1149 462 1212 etiam
484 1149 595 1224 Silani,
617 1150 787 1223 Murenae,
809 1148 1057 1228 designatorum
1079 1146 1262 1209 consulum.
1291 1174 1317 1205 10

214 1263 301 1326 ‘Cirr
322 1270 402 1343 ergo
423 1261 456 1323 in
480 1261 678 1323 sententiam
705 1259 881 1324 Catonlsl'
932 1259 1020 1341 Quia
1042 1259 1152 1322 verbis
1176 1259 1265 1322 lucu-

212 1375 406 1437 lentioribus
437 1383 470 1437 et
502 1373 652 1455 pluribus
682 1393 752 1434 rem
784 1372 924 1434 eandem
955 1371 1262 1453 comprehenderat.

214 1488 271 1549 Me
294 1497 406 1550 autem
430 1487 482 1550 hic
507 1486 621 1548 laudat
646 1485 734 1567 quod
758 1483 949 1560 rettulerim,
973 1492 1038 1546 non
1063 1483 1151 1566 quod
1176 1494 1265 1566 pate·

214 1599 358 1674 fecerim,
379 1600 572 1662 cohortatus
595 1597 666 1673 sim,
688 1597 777 1679 quod
799 1595 942 1678 denique
966 1605 1043 1658 ante
1066 1615 1166 1678 quam
1190 1605 1265 1659 con-

184 1717 187 1722 ’
213 1712 355 1774 sulerem
387 1711 459 1793 ipse
493 1709 714 1772 indicaverim.
786 1708 882 1789 Quae
921 1709 1040 1784 omnia,
1073 1708 1150 1790 quia
1181 1709 1265 1772 Cato
1290 1732 1316 1780 15

212 1823 365 1886 laudibus
381 1824 543 1886 extulerat
559 1823 591 1884 in
610 1823 739 1884 caelum
760 1821 1062 1903 perscribendaque
1079 1828 1263 1896 censuerat,

212 1935 335 1998 idcirco
365 1935 399 1998 in
430 1935 499 1997 eius
531 1934 732 1996 sententiam
763 1943 814 1996 est
845 1933 936 1996 facta
966 1932 1132 1995 discessio.
1197 1934 1263 1995 Hic

213 2057 323 2110 autem
343 2055 379 2110 se
398 2047 497 2109 etiam
517 2047 661 2109 tribuere
680 2046 819 2108 multum
838 2045 918 2107 mihi
938 2053 1033 2126 putat
1054 2045 1143 2127 quod
1165 2054 1265 2126 scrip-

213 2161 291 2222 serit
320 2159 500 2241 ‘optimum
529 2159 721 2222 consulem)
784 2157 868 2241 ¹Quis
896 2157 984 2220 enim
1012 2156 1153 2219 ieiunius
1184 2157 1265 2220 dixit

212 2272 386 2335 inimicus?
433 2271 489 2334 Ad
506 2279 617 2334 cetera
632 2278 712 2333 vero
726 2269 786 2332 tibi
802 2290 899 2352 quern
918 2269 960 2332 ad
977 2270 1111 2332 modum
1127 2279 1265 2352 rescrip-
1289 2295 1318 2326 20

213 2385 274 2447 sit?
334 2385 481 2447 Tantum
508 2393 604 2464 rogat
631 2384 672 2446 de
701 2389 836 2446 senatus
863 2382 1016 2446 consulto
1042 2391 1079 2445 ut
1106 2381 1262 2463 corrigas,

215 2497 290 2559 Hoc
307 2496 439 2578 quidem
457 2496 601 2570 iecisset,
616 2495 716 2558 etiam
733 2506 761 2559 si
775 2502 794 2558 {a
811 2495 944 2558 librario
959 2494 1148 2558 admonitus
1164 2504 1261 2558 esset.

214 2609 281 2673 Sed
298 2611 380 2672 haec
397 2609 515 2672 iterum
532 2608 603 2690 ipse
620 2608 747 2671 viderit.

213 2757 256 2804 the
276 2757 438 2821 punishment
456 2757 486 2805 of
502 2757 545 2806 the
562 2757 724 2806 Catilinarian
750 2758 789 2806 the
797 2765 849 2806 vole
857 2758 931 2806 taken
941 2775 972 2806 on
984 2759 1023 2806 the
1030 2758 1150 2821 proposal
1159 2757 1191 2823 of
1198 2757 1265 2816 Cato,

213 2840 388 2903 conspirators.
421 2839 464 2888 All
481 2841 553 2888 other
571 2841 724 2899 authorities,
751 2841 804 2888 who
823 2855 876 2889 was
895 2841 952 2902 ouh»
970 2841 1073 2889 tribune
1092 2840 1171 2888 elect?
1209 2840 1265 2888 The

212 2921 336 2980 however,
349 2937 423 2984 agree
438 2923 464 2970 in
481 2923 607 2986 ascribing
622 2924 665 2972 the
682 2925 725 2972 de·
751 2930 837 2971 senate
850 2924 925 2972 voted
944 2924 974 2986 by
991 2923 1098 2972 division
1112 2922 1261 2986 (discessio).

213 3004 292 3052 cision
305 3004 342 3052 ior
356 3004 447 3068 capital
463 3006 624 3068 punishment
640 3013 666 3054 to
683 3008 725 3054 the
751 3004 1021 3063 -luculentioribus,
1032 3006 1134 3054 clearer.
1163 3019 1199 3067 13.
1213 3004 1265 3062 hic,

213 3086 286 3135 effect
309 3089 438 3150 produced
460 3088 493 3150 by
516 3089 599 3136 Cato’s
622 3089 722 3152 speech.
752 3089 789 3136 i.e.
803 3087 1110 3138 Brutus—rettulerim:
1128 3089 1223 3153 referre
1236 3089 1265 3135 in

214 3183 235 3234 5·
260 3169 420 3220 Caesarem:
451 3170 483 3218 he
510 3171 560 3219 had
587 3172 725 3219 advocated
751 3178 866 3220 senatum
886 3171 906 3219 is
927 3173 988 3220 used
1010 3171 1038 3219 of
1058 3171 1101 3219 the
1122 3158 1264 3232 magistrate
1336 3157 1339 3168 ¹

214 3252 404 3315 imprisonment
423 3253 459 3300 ior
477 3253 519 3300 lise
538 3255 588 3302 and
606 3255 725 3302 confisca·
752 3255 808 3302 who
834 3261 892 3317 puts
920 3253 1005 3302 before
1035 3253 1078 3302 the
1106 3260 1193 3302 senate
1222 3253 1265 3301 the

213 3335 267 3383 tion
280 3335 309 3382 of
317 3336 360 3384 the
373 3343 490 3399 property
502 3335 531 3382 os
545 3337 587 3383 the
600 3337 725 3400 conspira·
752 3337 866 3384 business
890 3336 918 3384 ol
941 3337 984 3384 the
1010 3337 1113 3394 session,
1137 3337 1186 3385 and
1213 3351 1278 3384 car·.

213 3424 271 3464 tots.
303 3417 554 3481 6.praetorioloco:
575 3417 665 3467 Caesar
677 3435 727 3467 was
752 3420 801 3467 ries
818 3435 852 3466 no
872 3419 1027 3483 implication
1049 3419 1078 3466 of
1095 3419 1134 3467 his
1154 3419 1265 3482 opinion.

217 3506 322 3562 praetor
333 3500 482 3564 designatus,
493 3503 542 3549 and
555 3501 633 3564 spolre
645 3502 726 3550 there·
757 3502 792 3550 16.
824 3502 1021 3565 perscribenda,
1055 3502 1145 3550 should
1171 3503 1197 3550 be
1228 3518 1265 3550 re-

214 3581 267 3629 iore
279 3582 342 3630 alter
358 3583 400 3630 the
417 3584 561 3630 consulares
577 3585 626 3632 and
641 3584 727 3632 before
754 3585 847 3634 corded.
893 3597 930 3646 19.
948 3583 1073 3643 ieiunius
1092 3601 1159 3632 neore
1172 3585 1265 3648 grudg·

214 3665 257 3712 the
272 3667 408 3728 praetorii.
449 3679 485 3714 11.
507 3665 535 3715 in
553 3667 727 3726 sententiam,
755 3668 829 3732 ingly.
868 3680 905 3716 21.
924 3667 1055 3731 corriges:
1077 3667 1185 3730 perhaps
1202 3667 1266 3714 Atti-

213 3763 247 3796 sc.
263 3749 373 3796 discessio
383 3749 454 3813 fercla
467 3756 506 3806 est,
524 3751 587 3813 Why
602 3751 659 3798 tlren
675 3767 729 3798 was
754 3766 797 3799 cus
817 3766 867 3799 was
891 3756 917 3798 to
942 3750 1040 3814 publish
1062 3750 1104 3798 the
1130 3751 1195 3808 Cato,
1216 3748 1266 3798 and
