2988 4160
477 271 501 318 A
524 268 709 318 PURCHASE
732 268 778 318 OF
800 267 959 317 STATUES.
1202 271 1246 337 47

195 457 267 520 mei,
294 455 409 527 quanti
433 463 496 524 ego
520 463 626 524 genus
651 451 786 505 omnino
810 450 979 522 signorum
1004 442 1152 504 omnium
1178 434 1244 504 non

195 558 342 634 aestimo,
374 566 460 619 tanti
493 556 556 618 ista
592 564 748 637 quattuor
783 564 840 617 aut
878 564 1024 637 quinque
1063 555 1243 636 sumpsisti.

196 671 347 734 Bacchas
368 669 448 731 istas
472 689 546 732 cum
574 670 682 730 Musis
709 668 838 730 Metelli
862 673 1045 748 comparas.
1094 666 1184 749 Quid
1207 667 1246 729 si-

195 783 295 845 mile?
342 783 487 852 Primum
504 781 595 861 ipsas
612 801 674 861 ego
696 781 813 843 Mosas
832 800 1014 862 numquam
1034 789 1119 842 tanti
1137 787 1244 860 putas·
1270 807 1297 838 ω

196 916 275 970 sem,
300 905 399 977 atque
423 893 455 955 id
479 893 634 956 iecissem
660 894 768 956 Mosis
792 891 945 955 omnibus
969 891 1242 974 approbantibus,

196 1007 254 1069 sed
282 1016 393 1068 tamen
422 1015 493 1068 erat
520 1015 635 1086 aptum
663 1005 884 1067 bibliothecae
912 1004 1096 1086 studiisque
1123 1013 1245 1066 nostris

195 1126 393 1200 congruens.
442 1119 584 1180 Bacchis
599 1125 679 1180 vero
695 1117 751 1179 ubi
769 1127 820 1180 est
841 1117 930 1198 apud
952 1124 1005 1178 me
1024 1117 1139 1179 locus?
1179 1114 1246 1177 ‘At

195 1232 382 1314 pulchellae
395 1232 493 1294 sunt!
527 1232 616 1293 Novi
627 1230 750 1312 optime
767 1240 800 1293 et
817 1250 917 1312 saepe
929 1230 1003 1292 vidi.
1040 1228 1245 1292 Nominatim

194 1344 255 1408 tibi
267 1355 363 1425 signa
375 1343 455 1405 mihi
471 1351 550 1405 nota
567 1343 787 1418 mandassem,
802 1353 830 1405 si
845 1343 1048 1424 probassem.
1091 1342 1141 1404 Ea
1157 1341 1245 1404 enim
1270 1340 1311 1412 25*

195 1468 292 1539 signa
312 1477 375 1538 ego
396 1477 505 1519 emere
526 1457 617 1518 soleo
638 1476 724 1538 quae
745 1455 785 1518 ad
810 1455 1058 1517 similitudinem
1081 1453 1268 1538 gymnasi·

195 1579 289 1634 orum
315 1578 476 1634 exornent
501 1568 582 1630 mihi
608 1568 641 1630 in
668 1569 834 1649 palaestra
858 1569 976 1630 locum.
1026 1566 1143 1629 Martis
1167 1574 1246 1628 vero

196 1693 329 1764 signum
354 1689 420 1763 quo
445 1681 532 1752 mihi,
560 1681 651 1761 pacis
677 1681 826 1743 auctori?
873 1679 1012 1742 Gaudeo
1036 1679 1163 1741 nullum
1190 1678 1246 1743 Sa-

195 1805 285 1858 turni
300 1804 432 1874 signum
449 1793 563 1868 luisse,
581 1793 664 1855 haec
685 1793 771 1854 enim
791 1792 857 1855 duo
877 1801 974 1873 signa
993 1799 1143 1873 putarem
1165 1790 1246 1853 mihi

196 1928 252 1970 aes
269 1906 413 1968 alienum
430 1905 588 1968 attulisse.
637 1905 785 1967 Mercuri
802 1905 933 1966 mallem
954 1904 1087 1986 aliquod
1109 1903 1244 1980 fuisset;
1269 1927 1298 1971 30

141 2028 144 2030 ’
195 2019 333 2094 felicius,
351 2025 441 2098 puto,
459 2037 534 2080 cum
551 2016 697 2079 Avianio
712 2016 896 2098 transigere
913 2024 1096 2098 possemus
1144 2017 1245 2099 Quod

195 2131 255 2193 tibi
278 2130 462 2193 destinaras
486 2131 775 2212 trapezophorum‚
800 2139 828 2192 si
852 2137 885 2192 te
910 2129 1063 2205 delectat,
1088 2127 1244 2205 habebis;

195 2253 246 2306 sin
263 2253 374 2305 autem
391 2243 591 2305 sententiam
608 2249 752 2316 mutasti,
770 2261 834 2322 ego
850 2241 980 2305 habebo
996 2242 1130 2304 scilicet.
1175 2241 1245 2303 ista

195 2355 329 2438 quidem
347 2362 475 2416 summa
494 2363 537 2416 ne
555 2375 619 2435 ego
639 2355 743 2416 multo
763 2353 918 2416 libentius
939 2353 1073 2416 emerim
1095 2354 1246 2416 deverso
1269 2398 1271 2403 -

195 2469 279 2530 rium
296 2469 507 2542 Tarracinae,
525 2474 567 2528 ne
584 2487 716 2548 semper
732 2466 856 2548 hospiti
872 2467 1030 2529 molestus
1050 2466 1120 2529 sim.
1168 2466 1246 2532 Om-
1268 2485 1296 2532 35

195 2588 275 2642 nino
292 2580 400 2642 liberti
418 2589 483 2642 mei
498 2579 595 2641 video
613 2599 686 2641 esse
708 2579 853 2660 culpam,-
871 2588 924 2640 cui
944 2579 1044 2659 plane
1064 2586 1117 2640 res
1138 2585 1245 2641 certas

195 2693 400 2767 mandaram,
425 2692 570 2773 itemque
595 2692 679 2766 Iuni,
704 2699 912 2772 quem·puto
935 2690 995 2752 tibi
1020 2699 1135 2752 notum
1161 2711 1243 2766 esse,

66 2925 73 2938 .
140 2872 142 2876 ,
195 2891 329 2939 intention.
368 2903 404 2954 17.
420 2902 522 2954 genus.
538 2927 544 2938 .
559 2925 565 2936 .
580 2888 708 2948 omnium,
734 2889 860 2937 reference
873 2895 899 2936 to
911 2889 953 2936 the
966 2888 1016 2936 fact
1028 2889 1082 2937 that
1096 2904 1189 2952 among
1202 2889 1246 2938 the

194 2974 234 3021 all
240 2981 331 3021 statues
339 2974 370 3038 os
373 2973 499 3020 whatever
507 2979 562 3020 sort.
594 2986 631 3033 19.
643 2973 707 3022 Bac·
734 2971 829 3020 Greeks
851 2972 959 3020 Hermes
979 2972 1029 3020 had
1052 2972 1095 3020 the
1118 2972 1246 3034 gymnasia

194 3055 267 3112 chae,
278 3055 438 3103 Bacchanles.
471 3067 509 3102 22.
522 3053 707 3113 bibliothecae,
734 3056 813 3116 under
825 3054 863 3102 his
877 3055 1026 3118 protection,
1042 3056 1092 3103 and
1109 3055 1148 3102 his
1164 3062 1246 3102 statue

195 3138 302 3200 library.
344 3151 382 3198 23.
402 3150 557 3201 congruens,
575 3139 707 3200 appropri-
735 3137 828 3199 usually
848 3137 898 3186 had
919 3138 961 3185 the
982 3137 1053 3200 place
1074 3137 1102 3184 os
1119 3138 1200 3185 honor
1220 3137 1246 3184 in

195 3227 241 3268 ate.
277 3219 315 3268 26.
333 3219 549 3283 gymnasiorum:
569 3221 611 3268 the
624 3220 707 3268 Greek
734 3221 810 3267 them.
865 3233 905 3281 32.
936 3219 1096 3278 destinatae,
1124 3220 1179 3268 hod
1206 3221 1246 3267 r'n·

194 3303 323 3365 gymnasia
335 3319 399 3350 were
411 3305 523 3351 adorned
535 3303 594 3350 with
606 3309 707 3351 statues.
734 3303 826 3350 lended.
832 3303 1101 3366 -trapezophorum,
1113 3303 1190 3357 table:
1203 3302 1246 3350 the

196 3399 235 3450 27.
253 3385 399 3450 palaestra,
414 3402 428 3433 a
443 3386 514 3450 place
531 3386 703 3443 sorexercise;
735 3386 802 3432 word
829 3386 934 3433 denotes
960 3385 1064 3447 literally
1088 3386 1130 3433 the
1156 3386 1246 3433 carved

196 3468 265 3516 often
279 3470 340 3516 used
352 3484 379 3516 as
391 3485 559 3530 synonymous
571 3469 629 3516 with
638 3485 708 3532 gym-
735 3483 763 3514 or
783 3468 926 3531 sculptured
949 3475 1053 3531 support
1076 3484 1144 3530 upon
1163 3468 1245 3516 which

196 3551 309 3599 nasium.
348 3564 386 3612 30.
404 3550 542 3600 Mercuri.
565 3585 571 3598 .
592 3587 597 3598 .
617 3563 708 3614 posse·
735 3551 777 3598 the
798 3551 864 3599 table
886 3551 974 3598 tested.
1022 3563 1062 3612 34.
1085 3563 1126 3608 ne,
1145 3551 1188 3598 the
1209 3565 1246 3598 as·

195 3646 266 3691 mue,
280 3634 387 3681 because
404 3633 519 3694 Mercury
531 3649 580 3681 was
598 3633 640 3681 the
658 3635 707 3695 god
734 3634 870 3681 severative
888 3633 1000 3696 particle.
1011 3631 1244 3692 -deversorium‚

196 3715 226 3765 of
245 3716 317 3779 gain3
344 3717 414 3764 there
435 3716 455 3764 is
478 3715 598 3779 probably
618 3716 671 3764 also
694 3732 709 3764 a
734 3717 820 3780 lodge,·
842 3716 978 3764 Tarracina
1000 3731 1051 3763 was
1073 3731 1107 3763 on
1129 3715 1172 3764 the
1200 3716 1247 3764 Via
