2988 4160
233 271 274 338 92
484 264 809 316 CORRESPONDENCE
830 265 876 314 OF
897 263 1031 315 CICERO.

236 439 315 502 Noli
330 445 457 521 putare,
471 448 517 500 mi
533 438 658 514 Cicero,
673 447 725 501 me
742 439 805 502 hoc
822 439 956 501 auribus
972 447 1037 501 turs
1053 437 1143 502 dare.
1191 439 1285 503 Nihil

234 550 447 615 adulescente
466 559 532 627 tuo,
551 559 650 633 atque
670 551 753 614 adeo
773 550 1031 614 nostro—nihil
1052 550 1140 614 enim
1162 549 1245 614 mihi
1265 559 1285 614 a
1361 550 1362 554 ’

183 696 209 728 10
233 672 267 728 te
293 672 405 746 potest
431 683 505 726 esse
532 663 838 726 seiunctum-aut
865 663 1038 726 amabilius
1065 662 1218 727 omnibus
1245 665 1285 728 iis

234 787 291 859 qui
306 777 452 840 Athenis
472 785 550 839 sunt
571 785 622 839 est
643 785 700 839 aut
723 775 901 839 studiosius
925 783 1038 839 earum
1060 775 1180 840 artium
1201 784 1284 860 quas

233 896 269 952 tu
287 888 428 951 maxime
443 895 545 964 amas,
563 889 624 952 hoc
642 898 701 965 est,
719 889 927 971 optimarum.
974 889 1092 971 Itaque
1108 888 1176 965 tibi,
1194 890 1284 973 quod

233 1008 311 1064 vere
327 1002 438 1064 facere
454 1022 601 1084 possum,
618 1001 760 1064 libenter
775 1020 907 1083 quoque
926 1001 1074 1082 gratulor
1092 1021 1154 1065 nec
1174 1001 1283 1065 minus

234 1113 335 1177 etiam
351 1113 456 1190 nobis,
473 1113 563 1196 quod
579 1133 655 1176 eum
671 1133 771 1196 quem
792 1132 930 1176 necesse
953 1123 1024 1176 erat
1044 1113 1189 1195 diligere,
1207 1121 1284 1196 qua-

183 1252 210 1301 15
234 1226 418 1309 liscumque
433 1235 531 1302 esset,
548 1226 646 1289 talem
667 1226 829 1289 habemus
847 1234 885 1288 ut
902 1224 1044 1289 libenter
1064 1246 1197 1308 quoque
1216 1225 1284 1289 drli-

234 1345 362 1420 gamus.
425 1337 493 1420 Qui
515 1359 590 1401 cum
613 1337 695 1401 mihi
716 1338 751 1401 in
775 1345 928 1402 sermone
950 1337 1118 1401 iniecisset
1140 1345 1176 1401 se
1198 1339 1284 1402 velle

234 1451 354 1516 Asiam
369 1460 486 1527 visere,
504 1459 572 1514 non
588 1451 687 1514 modo
702 1451 870 1526 invitatus,
887 1450 1063 1514 sedetiam
1080 1457 1217 1532 rogatus
1233 1460 1285 1514 est

234 1571 254 1627 a
278 1571 332 1626 me
354 1573 391 1627 ut
413 1562 446 1627 id
473 1563 683 1646 potissimum
705 1564 802 1628 nobis
825 1563 1052 1627 obtinentibus
1079 1563 1282 1646 provinciam

234 1677 369 1740 faceret.
418 1675 481 1739 Cui
507 1683 568 1739 nos
595 1685 629 1739 et
655 1675 791 1739 caritate
818 1685 853 1739 et
879 1683 990 1738 amore
1016 1685 1111 1738 tuum
1138 1675 1284 1739 officium

186 1820 214 1852 ω
235 1795 461 1871 praestaturos
491 1796 559 1852 non
590 1788 691 1852 debes
721 1788 881 1852 dubitare.
944 1787 1030 1850 Illud
1060 1807 1192 1871 quoque
1222 1788 1285 1852 erit

234 1901 330 1966 nobis
351 1909 459 1978 curae,
482 1910 520 1965 ut
540 1899 720 1984 Cratippus
744 1907 910 1964 unacum
933 1908 973 1963 eo
994 1899 1044 1975 sit,
1062 1907 1105 1963 ne
1128 1907 1226 1982 putes
1249 1900 1283 1963 in

235 2015 318 2078 Asia
341 2013 497 2078 feriatum
521 2014 613 2077 illum
635 2013 677 2076 ab
700 2012 738 2075 iis
760 2012 876 2075 studiis
898 2012 932 2074 in
954 2032 1038 2095 quae
1059 2019 1117 2075 tua
1136 2013 1284 2076 cohorta-

234 2125 323 2190 tione
339 2126 495 2190 incitatur
515 2128 673 2190 futurum.
722 2124 810 2188 Nam
831 2125 923 2187 illum
945 2131 1106 2206 paratum,
1125 2134 1162 2188 ut
1176 2125 1281 2201 video,

234 2247 268 2301 et
282 2237 470 2320 ingressum
492 2240 592 2321 pleno
612 2238 718 2320 gradu
740 2238 907 2301 cohortari
927 2244 994 2298 non
1016 2236 1281 2313 intermittemus,

182 2379 211 2429 25
234 2349 348 2433 quoin
364 2351 434 2415 dies
455 2351 587 2434 longius
606 2349 767 2414 discendo
787 2348 1036 2432 exercendoque
1057 2355 1093 2412 se
1113 2349 1280 2431 procedat.

311 2552 439 2616 XLIX.
486 2553 520 2616 A
552 2552 698 2616 POINT
729 2551 793 2616 OF
825 2551 933 2614 LAW
961 2547 1068 2634 (Fam.
1088 2564 1115 2630 7.
1135 2549 1199 2634 22).

597 2705 705 2756 Cicero
722 2703 866 2754 Trebatio
885 2703 917 2753 S.

276 2838 445 2903 Inluseras
476 2840 548 2903 heri
577 2839 664 2902 inter
691 2841 837 2924 scyphos
865 2837 953 2920 quod
980 2837 1126 2901 dixeram
1153 2845 1281 2900 contro

230 2949 372 3013 versiam
387 2972 461 3016 esse
483 2961 640 3034 possetne
658 2951 763 3028 heres,
781 2950 871 3034 quod
889 2951 1016 3013 furtum
1036 2955 1134 3012 autea
1152 2949 1279 3012 factum

231 3072 328 3139 esset,
345 3063 427 3127 furti
441 3071 531 3127 recte
546 3084 654 3146 agere.
703 3065 822 3146 Itaque
837 3072 901 3126 etsi
918 3063 1053 3126 domum
1075 3060 1161 3124 bene
1179 3069 1279 3143 potus

229 3215 314 3265 model
342 3232 395 3266 son.
448 3230 471 3278 9.
499 3218 581 3282 atque
609 3217 683 3276 adeo,
712 3233 742 3266 or
767 3215 859 3281 gradu,
871 3215 933 3264 with
946 3215 1029 3280 rapid
1034 3221 1158 3279 progress,
1172 3213 1207 3262 lit.
1221 3221 1278 3263 ata

229 3298 324 3348 rather.
367 3298 404 3348 16.
427 3297 575 3359 iniecisset,
597 3300 652 3348 had
671 3315 739 3348 men·
766 3299 841 3362 quick
851 3305 908 3362 step.

228 3381 319 3431 tioned.
358 3393 395 3443 19.
412 3393 479 3432 nos.
496 3418 501 3430 .
517 3417 523 3430 .
538 3382 737 3446 praestaturos:
809 3382 904 3430 XLIX.
937 3393 957 3431 1.
980 3377 1052 3432 inter
1074 3381 1199 3445 scyphos,
1219 3395 1279 3429 over

228 3464 311 3512 notice
329 3463 371 3512 the
389 3479 441 3513 acc.
459 3465 510 3513 and
527 3464 571 3513 inf.
589 3464 626 3513 for
641 3480 657 3513 a
674 3465 739 3529 quin
764 3465 803 3514 the
819 3465 905 3520 wine:
928 3464 971 3512 the
990 3464 1095 3528 scyphus
1111 3479 1162 3513 was
1181 3479 1196 3512 a
1216 3469 1276 3512 two·

228 3545 318 3595 clause.
364 3558 402 3594 21.
426 3545 579 3612 Cratippus,
602 3563 618 3596 a
640 3547 738 3612 Peripa·
764 3547 876 3596 handled
892 3546 994 3596 beaker.
1029 3559 1052 3596 2.
1068 3546 1159 3606 antea,
1175 3546 1215 3596 i.e.
1233 3547 1276 3595 be·

227 3629 287 3677 tetie
298 3628 469 3694 philosopher.
498 3642 537 3679 22.
551 3627 718 3680 feriatum..
732 3666 738 3679 .
764 3629 817 3678 fore
832 3629 872 3678 his
885 3629 1025 3678 succession
1043 3636 1069 3677 to
1088 3629 1131 3678 the
1150 3635 1276 3694 property.

226 3707 359 3770 futurum,
370 3712 392 3760 is
398 3711 478 3776 going
486 3718 510 3760 to
521 3718 576 3759 rest.
607 3723 646 3773 24.
658 3710 738 3776 pleno
764 3724 787 3774 3.
798 3708 875 3770 furti,
887 3726 943 3774 gen.
953 3710 983 3759 os
990 3711 1033 3760 the
1046 3710 1276 3776 charge-agere,
