2988 4160
443 241 485 321 'A
508 273 643 321 Lm'rER
666 272 711 321 or
732 272 975 322 counoenucs.
1202 277 1239 343 71

192 456 258 530 qui,
283 455 312 509 si
334 446 407 510 istic
431 446 623 522 adfuissem,
646 466 755 530 neque
778 447 838 510 tibi
861 447 1041 510 defuissem
1066 456 1243 531 miramque

193 579 302 622 meum
328 559 476 622 dolerem
499 558 558 622 tibi
581 559 811 622 declarassem.
861 560 934 622 Etsi
956 580 1063 642 genus
1086 562 1147 623 heic
1169 568 1244 624 crin·
1266 582 1280 629 5

193 671 363 735 selatidnis
386 671 542 734 miserum
567 681 667 753 atque
695 671 850 735 acerbum
878 681 937 748 est,
963 680 1139 754 propterea
1166 673 1244 755 quia

193 805 253 866 per
276 792 358 866 quus
380 803 420 846 ea
443 784 580 846 cdnfieri
602 783 702 846 debet
725 784 932 867 propinques
956 805 994 847 ac
1017 785 1199 861 familiaris
1222 785 1245 848 ir

192 897 257 978 ipsi
281 905 353 978 pari
375 893 527 958 molestia
551 895 749 970 adficiuntur
773 917 881 979 neque
905 897 976 960 sine
1000 897 1142 960 lacrimis
1164 898 1244 960 mul-

192 1019 234 1070 tis
258 1009 291 1070 id
315 1015 427 1070 criniri
450 1017 599 1090 possunt,
624 1018 671 1070 uti
694 1009 800 1089 magis
823 1008 887 1090 ipsi
908 1009 1084 1072 videantur
1105 1009 1242 1072 alibrum

193 1121 418 1184 cdnsdlatir‘me
446 1120 594 1201 indigere
620 1119 719 1202 quam
747 1120 818 1183 aliis
845 1141 944 1203 posse
976 1141 1071 1184 suum
1099 1121 1243 1184 officium
1269 1148 1296 1180 10

193 1240 373 1314 praestare,
399 1243 511 1295 tamen
540 1252 625 1314 quae
652 1233 686 1294 in
714 1233 903 1314 praesentia
928 1233 961 1296 in
989 1243 1135 1296 mentem
1163 1233 1244 1296 mihi

192 1353 356 1408 venerunt
380 1346 512 1408 decrevi
534 1345 628 1408 brevi
650 1345 693 1408 ad
717 1353 751 1408 te
777 1345 992 1427 perscribere,
1017 1355 1084 1408 n6n
1111 1354 1178 1428 qud
1203 1367 1244 1410 ea

193 1459 368 1539 refugere
391 1457 584 1532 existimem,
610 1458 669 1520 sed
692 1458 781 1540 quod
805 1458 946 1520 forsitan
971 1458 1084 1522 dolere
1108 1458 1244 1540 impedi-

193 1581 247 1634 tus
272 1570 379 1632 minus
403 1590 443 1633 ea
467 1569 656 1651 perspicias.
716 1569 807 1652 Quid
833 1580 884 1633 est
907 1571 996 1652 quod
1021 1579 1117 1633 tants>
1143 1591 1243 1652 opere

193 1691 227 1745 te
250 1691 458 1746 commoveat
480 1691 558 1744 tuus
581 1682 676 1745 dolor
698 1681 899 1745 intestinus?
947 1681 1065 1763 cagita
1084 1702 1181 1765 quem
1202 1683 1243 1745 ad
1270 1707 1296 1752 15

194 1795 329 1858 modum
368 1795 478 1857 adhuc
509 1795 645 1857 fortuna
678 1794 852 1857 ndbiscum
883 1794 996 1876 egerit.
1068 1796 1118 1858 Ea
1148 1795 1244 1858 nebis

194 1915 310 1988 erepta
339 1927 413 1970 esse
444 1926 530 1988 quae
561 1906 751 1970 hominibus
782 1915 849 1969 nr'm
880 1907 989 1970 minus
1020 1928 1119 1989 quam
1151 1908 1245 1970 liberi

194 2027 271 2082 cara
294 2039 367 2082 esse
391 2019 523 2094 debent,
546 2019 697 2101 patriam,
719 2021 937 2095 honestatem,
961 2019 1165 2102 dignitatem,
1189 2021 1244 2082 ho-

194 2140 291 2194 ndres
322 2141 438 2194 omnis
502 2132 577 2194 Hbc
609 2139 676 2194 und
706 2131 918 2195 incommod6
948 2132 1061 2195 addire
1091 2133 1171 2215 quid
1201 2133 1243 2194 ad

193 2355 390 2418 exercitatus
403 2356 537 2420 animus
554 2356 673 2419 callere
689 2356 755 2418 iam
773 2357 873 2420 debet
894 2367 993 2440 atque
1013 2357 1124 2420 omnia
1143 2357 1244 2419 mind

192 2469 237 2531 ris
261 2467 471 2531 existimare?
523 2469 580 2530 An
603 2469 689 2531 illius
712 2470 828 2545 vicem,
854 2470 961 2545 crede,
987 2470 1101 2533 doles?
1156 2471 1244 2552 Quo·

191 2581 278 2644 tiens
299 2581 333 2643 in
352 2601 426 2643 eam
451 2581 685 2662 cegitatidnem
710 2602 847 2645 necesse
871 2591 923 2645 est
945 2591 978 2644 et
1001 2589 1036 2644 tu
1058 2582 1189 2645 veneris
1210 2592 1243 2645 et

192 2702 253 2756 nes
270 2713 371 2775 saepe
387 2693 572 2769 incidimus,
592 2695 683 2756 hisce
699 2694 905 2776 temporibus
920 2703 988 2756 nnn
1007 2695 1151 2775 pessime
1166 2715 1241 2758 cum
1310 2703 1318 2716 ⁸

191 2806 231 2868 iis
254 2826 328 2868 esse
351 2813 462 2868 actum
487 2806 607 2888 quibus
635 2806 706 2869 sine
733 2807 846 2869 dolr'ne
872 2807 996 2870 licitum
1024 2816 1076 2870 est
1102 2817 1240 2870 mortem
1266 2833 1295 2880 25

192 2939 267 2981 curn
282 2925 351 2981 vitai
367 2919 586 2981 commutare!
634 2919 724 3001 Quid
740 2929 849 2983 autem
873 2920 937 2982 fuit
958 2920 1046 3002 quod
1068 2919 1158 2981 illam
1180 2921 1242 2984 heic

191 3042 341 3112 tempore
369 3031 411 3092 ad
438 3031 619 3093 vivendum
650 3039 774 3112 magne
804 3052 905 3114 opere
937 3031 1075 3094 invitare
1106 3011 1242 3113 posset?

193 3143 373 3225 Quaeres?
413 3143 509 3225 Quae
523 3143 620 3225 spes?
660 3144 760 3226 Quod
774 3144 878 3206 animi
890 3144 1070 3207 sdlacium?
1106 3146 1154 3209 Ut
1167 3165 1241 3208 cum

192 3255 303 3337 aliqud
318 3255 532 3318 adulescente
548 3255 703 3337 primarii)
725 3256 902 3320 coniuncta
924 3243 1066 3319 aetatem
1088 3257 1242 3338 gereret?

192 3488 215 3539 7.
227 3473 343 3532 confieri,
352 3495 375 3518 =
384 3475 479 3541 confici.
507 3488 544 3524 12.
554 3474 638 3535 brevi,
649 3477 704 3525 adv.
732 3489 769 3524 21.
786 3477 890 3535 callere,
903 3485 926 3526 to
940 3477 966 3526 be
982 3477 1114 3525 insensible
1129 3477 1242 3542 ospaim

194 3569 231 3622 15·
248 3557 406 3615 intestinus,
420 3559 531 3620 private.
570 3557 605 3607 18.
624 3558 704 3609 hone·
731 3571 770 3608 22.
793 3557 869 3609 illius
888 3559 983 3617 vicem,
1007 3576 1039 3607 on
1061 3560 1106 3607 her
1129 3566 1239 3607 account.

183 3640 302 3699 statem,
322 3642 475 3704 reputation.
530 3654 568 3690 20.
589 3640 647 3690 illis
665 3653 704 3691 re·
731 3654 770 3703 23.
790 3641 904 3700 veneris,
924 3641 985 3704 subj.
1006 3642 1065 3690 with
1087 3658 1178 3690 necesse
1199 3648 1239 3689 est.

190 3724 249 3782 bue,
273 3723 312 3772 i.e.
333 3723 376 3772 the
401 3722 443 3770 sall
467 3722 495 3770 os
515 3723 557 3773 the
581 3723 702 3804 repuulic.
731 3737 769 3786 29.
786 3721 922 3791 primario,
935 3724 1163 3794 distinguished-
1170 3735 1242 3795 gere-
