2988 4160
261 263 304 340 98
513 271 835 320 connnsaonuance
857 270 903 318 01
925 270 1059 319 menno.

211 455 239 512 ⁶5
263 450 343 524 gare
367 451 433 505 nen
457 451 557 524 potui.
616 444 704 505 Veni
730 443 829 505 etiam
857 443 1002 506 censulis
1026 444 1155 506 Anteni
1177 444 1312 509 domum

264 575 366 637 saepe
388 554 555 617 saltitandi
575 561 684 630 causa,
703 555 745 616 ad
767 574 865 636 quem
889 564 946 637 qui
968 562 1022 616 me
1044 575 1161 635 parum
1185 557 1312 636 patriae

264 676 430 729 amantem
457 685 531 729 esse
562 665 751 729 existimant
777 666 918 747 rogandi
944 665 1078 748 quidem
1106 665 1229 748 aliquid
1256 677 1313 730 aut

264 779 438 841 auferendi
453 785 554 840 causa
569 779 754 860 frequentis
765 777 928 848 ventitare
940 777 1094 858 reperies
1143 777 1211 842 Sed
1227 799 1312 861 quae

264 891 346 953 haec
367 900 418 952 est
438 889 643 971 adrogantia,
667 889 755 972 quod
780 890 903 954 Caesar
923 909 1105 973 numquam
1126 889 1314 973 interpella·

211 1032 241 1076 70
263 1002 310 1064 vit
325 1011 405 1085 quin
421 1002 541 1085 quibus
556 1001 676 1065 vellem
693 1011 792 1083 atque
808 1001 908 1070 etiam
925 1009 1007 1083 ques
1023 1001 1095 1082 ipse
1114 1021 1182 1065 non
1201 1002 1313 1083 dilige-

263 1113 321 1177 bat
343 1124 454 1176 tamen
479 1114 517 1176 iis
541 1121 659 1189 fiterer,
684 1121 741 1175 ees
769 1122 825 1195 qui
851 1113 932 1174 mihi
955 1123 1097 1176 amicum
1120 1113 1312 1195 eripuerunt

264 1226 433 1307 carpendo
463 1233 516 1288 me
541 1225 672 1288 efficere
702 1231 815 1288 cenati
841 1232 884 1287 ne
914 1233 997 1307 quos
1023 1225 1122 1288 velim
1153 1225 1312 1308 diligam?

265 1338 333 1402 Sed
349 1346 416 1399 non
431 1357 547 1400 vereor
563 1344 605 1400 ne
625 1345 682 1400 aut
702 1357 797 1400 meae
812 1346 900 1399 vitae
921 1337 1083 1400 modestia
1103 1357 1220 1418 parum
1235 1337 1314 1400 vali·

263 1457 338 1512 tara
355 1449 397 1512 sit
412 1449 445 1511 in
462 1459 632 1531 posterum
648 1456 763 1512 eontra
782 1449 884 1511 falsas
906 1456 1064 1524 ramereS,
1081 1459 1138 1512 aut
1154 1457 1197 1511 ne
1213 1449 1312 1512 etiam

213 1593 242 1639 75
265 1561 288 1624 ii
307 1571 364 1643 qui
385 1569 439 1624 me
462 1569 529 1624 nan
552 1570 666 1624 amant
688 1571 825 1642 propter
848 1581 956 1623 meam
980 1561 1014 1623 in
1038 1562 1216 1626 Caesarem
1239 1570 1314 1624 can-

265 1673 422 1736 stantiam
438 1681 505 1735 non
521 1672 637 1735 malint
652 1683 718 1736 mei
730 1693 829 1755 quam
846 1682 898 1734 sui
909 1658 1023 1734 similis
1039 1681 1163 1736 amicas
1179 1673 1311 1736 habere.

267 1785 352 1848 Mihi
374 1785 508 1868 quidem
536 1795 565 1847 si
587 1792 702 1866 optata
728 1784 933 1865 contingent,
957 1784 1046 1866 quod
1073 1785 1235 1868 reliquum
1262 1794 1314 1848 est

265 1906 351 1959 vitae
367 1896 401 1958 in
417 1896 484 1959 etio
504 1897 616 1959 Rhodi
636 1897 756 1977 degam
767 1917 774 1972 ;
799 1905 850 1958 sin
871 1903 969 1959 casus
989 1893 1107 1978 aliquis
1128 1895 1314 1978 interpella-

264 2008 315 2084 rit,
336 2008 382 2071 ita
402 2017 458 2071 era
481 2009 608 2071 Romae
629 2017 666 2070 ut
686 2015 775 2070 recte
797 2009 869 2070 fieri
891 2027 1025 2089 semper
1047 2007 1188 2089 cupiam.
1235 2009 1314 2071 Tre·

213 2138 242 2182 ao
264 2121 355 2184 batia
377 2129 492 2183 nostra
515 2097 654 2201 magnas
677 2127 742 2202 age
764 2119 897 2201 gratias,
922 2120 1012 2202 quod
1035 2129 1130 2182 tuum
1157 2127 1238 2201 erga
1260 2127 1315 2182 me

265 2232 412 2295 animum
433 2232 617 2314 simplicem
639 2241 739 2313 atque
760 2242 903 2295 amicum
924 2231 1054 2314 aperuit
1074 2241 1108 2294 et
1129 2231 1218 2314 quod
1236 2251 1313 2294 eum

265 2364 364 2428 quem
381 2365 513 2426 semper
528 2345 669 2408 libenter
685 2345 783 2406 dilexi
798 2351 864 2426 qua
879 2343 987 2425 magis
1003 2344 1073 2406 iare
1089 2345 1198 2407 colere
1214 2352 1314 2427 atque

265 2456 441 2520 observare
457 2456 613 2520 deberem
629 2455 717 2520 feeit.
765 2457 857 2518 Bene
872 2457 947 2518 vale
963 2467 996 2519 et
1011 2463 1065 2518 me
1081 2455 1188 2538 dilige.

455 2667 531 2731 LII.
578 2667 695 2732 TIRO
726 2666 889 2731 TURNS
921 2666 1126 2729 FARMER

583 2778 685 2862 (from
701 2778 792 2840 Fam.
815 2779 861 2841 16.
880 2794 929 2840 21.
949 2775 992 2862 7).

311 2927 442 3009 Emisse
465 2951 498 3006 te
522 2942 694 3025 praedium
717 2943 933 3006 vehementer
955 2941 1087 3022 gaudeo
1109 2941 1314 3024 feliciterque

267 3056 326 3120 tibi
344 3077 414 3119 rem
433 3057 529 3119 istam
551 3063 683 3118 evenire
705 3054 811 3136 cupio.
861 3054 937 3116 Hac
958 3053 1031 3117 loce
1052 3061 1106 3116 me
1127 3053 1186 3116 tibi
1206 3060 1315 3134 gratu-

267 3209 329 3258 heir.
373 3208 412 3272 65.
432 3207 501 3259 Veni
521 3206 614 3265 etiam,
634 3207 689 3269 they
707 3206 779 3254 nzake
805 3221 846 3268 my
857 3206 1009 3268 associating
1018 3205 1079 3254 with
1090 3205 1169 3253 audam
1184 3206 1201 3252 I
1206 3203 1314 3268 pleased.

268 3293 290 3340 it
306 3309 322 3339 a
337 3292 444 3356 ground
460 3292 491 3356 os
503 3291 640 3354 complaint
658 3290 709 3337 also
726 3289 780 3337 that
806 3301 844 3352 72.
856 3281 993 3351 ¹carpendo
1007 3299 1058 3346 me,
1074 3288 1103 3350 by
1114 3288 1255 3352 traducing
1268 3303 1313 3336 me.

268 3375 287 3423 I
294 3376 362 3422 visit.
390 3373 430 3434 69.
443 3373 512 3437 quod
525 3410 530 3420 .
544 3409 549 3420 .
563 3409 568 3421 .
581 3372 677 3429 uterer,
689 3387 778 3435 paren·
805 3369 844 3420 81.
862 3369 1023 3434 simplicem,
1040 3371 1144 3419 sincere.
1184 3369 1226 3432 83.
1244 3369 1317 3428 Bene

269 3455 378 3514 thetical,
399 3456 466 3519 quod
485 3455 577 3515 having
600 3455 637 3502 for
657 3453 689 3501 its
709 3460 778 3500 ante·
804 3453 874 3511 vale,
886 3453 924 3502 sor
936 3454 978 3502 the
991 3453 1139 3502 Ciceronian
1152 3453 1213 3502 vale.

268 3540 360 3587 cedent
382 3554 440 3586 eos.
460 3573 466 3586 .
486 3573 491 3584 .
511 3538 627 3602 diligam,
650 3535 733 3584 which
759 3535 779 3583 is
850 3536 907 3584 LII.
939 3537 1014 3584 From
1043 3552 1057 3584 a
1086 3536 1159 3584 letter
1185 3535 1249 3584 from
1274 3534 1319 3584 the

269 3621 429 3685 explanatory
452 3619 481 3668 os
505 3619 656 3682 adrogantia
668 3634 678 3666 .·
706 3618 779 3667 while
805 3633 889 3681 young
913 3619 1014 3667 Marcus
1037 3626 1063 3668 to
1085 3619 1152 3668 Tiro.
1199 3631 1219 3666 1.
1241 3629 1319 3682 prae·

274 3704 366 3754 Caesar
384 3717 460 3751 never
479 3701 547 3751 stood
566 3703 596 3751 in
616 3702 654 3750 the
673 3701 778 3769 wayos
805 3699 888 3758 dium,
905 3702 989 3768 farm.
1032 3713 1053 3750 2.
1073 3700 1128 3753 Hoc
1148 3700 1213 3760 loco,
1234 3700 1273 3749 i.e.
1294 3707 1321 3749 at
