2988 4160
467 274 595 332 crcnno
617 283 693 331 nnn
717 283 778 333 ms
801 282 1011 332 sncnurnnv.
1222 271 1262 334 61

257 495 424 558 XXVIII.
472 494 649 558 CICERO
681 494 786 556 AND
820 494 902 558 HIS
934 491 1221 558 SECRETARY

640 602 746 690 (Fam.
770 604 877 689 16.'1).

245 777 361 827 Tullius
377 777 482 826 'tironi
498 777 563 828 Sub
582 777 615 827 S.
635 779 668 826 P.
686 777 723 826 D.
743 782 775 827 et
793 777 901 828 cicero
918 779 1009 827 Meus
1027 779 1060 826 et
1074 777 1182 828 Frater
1199 780 1232 827 et

654 869 770 918 Fratris
786 869 818 918 P.

258 1020 360 1083 Paulo
382 1017 513 1082 facilius
537 1027 652 1101 putdvi
674 1039 774 1102 posse
798 1026 851 1081 me
872 1020 960 1082 ferre
984 1019 1184 1082 desiderium
1206 1028 1262 1096 tui,

212 1132 272 1194 sed
295 1133 395 1214 plane
418 1141 486 1195 non
509 1133 590 1207 fero,
616 1141 649 1195 et
673 1152 875 1214 quamquam
900 1139 1015 1213 magni
1037 1131 1080 1194 ad
1104 1133 1264 1195 honorem

212 1254 363 1307 nostrum
386 1245 525 1308 interest
552 1265 652 1326 quam
680 1254 822 1327 primum
851 1244 893 1306 ad
920 1244 1036 1307 urbem
1064 1252 1117 1306 me
1139 1254 1262 1321 venire,

212 1366 324 1418 tamen
348 1364 506 1438 peccasse
529 1356 611 1418 mihi
631 1356 753 1432 videor,
776 1366 832 1438 qui
853 1363 872 1418 a
893 1363 926 1419 te
949 1356 1176 1434 discesserim;
1205 1357 1265 1419 sed

213 1469 290 1550 quia
305 1479 363 1532 tua
379 1470 533 1532 voluntas
555 1490 595 1532 ea
616 1469 791 1532 videbatur
807 1489 881 1531 esse
902 1478 939 1531 ut
958 1475 1094 1550 prorsus
1109 1469 1174 1532 nisi
1189 1477 1265 1532 con·
1288 1486 1302 1534 5

213 1582 346 1644 firmato
365 1602 505 1664 corpore
527 1581 631 1644 nolles
653 1581 820 1663 navigare,
838 1581 1023 1663 approbavi
1044 1591 1138 1644 tuum
1161 1582 1264 1645 consi-

213 1693 301 1770 lium,
328 1714 436 1776 neque
462 1714 551 1757 nunc
573 1701 674 1770 muto,
701 1703 729 1756 si
755 1701 790 1756 tu
818 1693 851 1755 in
880 1693 996 1756 eadem
1024 1713 1059 1756 es
1088 1694 1262 1756 sententia.

214 1805 399 1870 Sinautem
417 1813 649 1889 posteaquam
668 1805 778 1868 cibum
800 1805 925 1886 cepisti,
943 1805 1064 1868 videris
1083 1806 1143 1868 tibi
1164 1826 1264 1887 posse

213 1925 266 1980 me
284 1926 451 2000 consequi,
474 1927 567 1981 tuum
590 1917 763 1982 consilium
787 1927 846 1981 est.
896 1917 1082 1980 Marionem
1107 1919 1149 1980 ad
1170 1926 1204 1981 te
1225 1927 1265 1982 eo

213 2039 294 2106 misi,
313 2040 349 2093 ut
370 2040 427 2094 aut
447 2038 557 2094 tecum
579 2031 621 2093 ad
643 2038 696 2093 me
717 2050 816 2112 quarn
841 2040 983 2112 primum
1005 2040 1134 2093 veniret
1153 2040 1218 2106 aut,
1237 2041 1265 2094 si
1290 2061 1317 2091 10

212 2150 247 2205 tsi
265 2150 440 2219 morirere,
459 2143 571 2206 statim
593 2143 635 2206 ad
657 2151 710 2205 me
731 2143 860 2205 rediret.
908 2143 961 2204 Τῡ
983 2152 1094 2206 autem
1119 2143 1181 2206 hoc
1204 2143 1264 2206 tibi

213 2255 386 2337 persuade
404 2265 432 2318 si
450 2256 625 2319 commodo
640 2254 839 2318 valetudinis
860 2263 938 2317 tuae
957 2255 1028 2318 fieri
1048 2255 1162 2336 possit,
1181 2255 1263 2317 nihil

212 2375 265 2429 me
282 2369 380 2430 malle
396 2389 495 2450 quam
512 2376 545 2431 te
561 2387 634 2431 esse
652 2375 781 2431 mecum
791 2388 798 2444 ;
824 2377 852 2430 si
863 2376 973 2430 autern
990 2366 1165 2448 intelleges
1178 2387 1262 2449 opus

212 2501 285 2544 esse
308 2488 342 2543 te
366 2482 471 2544 Patris
494 2481 749 2545 convalescendi
772 2487 873 2543 causa
896 2480 1032 2561 paulum
1055 2488 1260 2557 commorari,

211 2592 293 2655 nihil
310 2601 363 2655 me
379 2594 477 2656 mille
499 2614 598 2675 quam
619 2600 652 2655 te
671 2593 791 2655 valere.
840 2593 876 2656 Si
897 2591 1008 2654 statim
1030 2591 1178 2673 navigas,
1201 2601 1262 2656 nos
1288 2617 1314 2665 15

213 2705 369 2768 Leucade
393 2714 597 2788 consequere
609 2727 616 2782 ;
641 2715 691 2768 sin
713 2713 747 2768 te
768 2705 967 2767 confirmare
987 2713 1047 2780 vis,
1070 2713 1104 2766 et
1124 2705 1262 2769 comites

211 2826 244 2880 et
265 2825 481 2899 tempestates
504 2828 538 2880 et
558 2825 678 2880 navem
701 2817 854 2880 idoneam
877 2825 914 2878 ut
938 2815 1062 2879 habeas
1086 2817 1262 2899 diligenter

254 2987 378 3036 XXVIII.
402 2987 510 3036 Written
523 2987 667 3036 November
683 2988 723 3049 3d,
750 2986 789 3035 i.e.
799 2985 853 3034 into
864 2985 907 3034 the
919 2984 1111 3048 neighborhood
1125 2986 1154 3034 of
1164 2987 1257 3046 Rome;

211 3081 243 3134 50
254 3081 315 3128 B.c.‚
329 3086 362 3118 on
377 3070 419 3118 the
431 3069 536 3132 journey
548 3069 611 3117 from
626 3069 719 3118 Cilicia.
749 3069 838 3117 Cicero
850 3068 925 3117 could
937 3075 982 3116 not
994 3075 1065 3116 enter
1079 3068 1122 3117 the
1138 3069 1187 3131 city
1199 3070 1262 3118 until

208 3151 267 3200 Tiro
279 3168 330 3200 was
343 3153 406 3211 sick,
419 3154 470 3202 and
486 3169 519 3200 on
531 3153 675 3200 November
691 3153 722 3200 2d
749 3152 791 3199 the
804 3151 919 3215 question
930 3150 959 3198 of
972 3151 1011 3198 his
1026 3151 1135 3214 triumph
1150 3167 1200 3200 was
1218 3154 1261 3201 de·

210 3233 297 3282 Cleero
318 3235 369 3284 had
391 3236 457 3283 been
478 3235 579 3297 obliged
602 3241 628 3282 to
651 3234 722 3282 leave
749 3235 823 3282 cided
835 3234 940 3282 without
956 3233 1084 3295 forfeiting
1100 3234 1139 3282 hIs
1156 3234 1262 3298 military

209 3316 263 3364 him
286 3317 381 3366 behind
403 3325 428 3366 at
453 3319 541 3366 Patrae
565 3318 591 3366 in
614 3317 720 3365 Achaia.
749 3317 887 3379 imperium
907 3317 957 3364 and
980 3315 1013 3364 all
1036 3316 1109 3364 claim
1132 3323 1158 3364 to
1181 3333 1196 3364 a
1219 3318 1261 3366 tri·

210 3398 273 3457 Suo,
294 3400 372 3449 Meus
392 3399 550 3463 (greeting):
575 3400 658 3448 notice
680 3400 721 3448 the
749 3399 834 3462 umph.
873 3411 894 3464 5.
915 3410 1042 3462 prorsus.
1058 3434 1064 3446 .
1080 3435 1086 3447 .
1101 3399 1196 3458 nolles,
1209 3416 1262 3463 you

210 3482 308 3545 change
321 3482 350 3531 of
360 3499 461 3546 person.
498 3497 519 3532 2.
539 3483 628 3548 plane,
645 3489 673 3530 at
687 3483 725 3530 all
748 3498 812 3530 were
823 3482 954 3546 altogether
966 3481 1111 3546 unwilling.
1145 3495 1169 3543 9.
1183 3482 1261 3532 tuum

209 3565 464 3616 well-honorem:
487 3567 575 3615 Cicero
592 3566 677 3629 hoped
695 3572 721 3613 to
748 3563 891 3616 consilium
902 3564 953 3622 est,
967 3565 988 3612 it
999 3565 1021 3612 t's
1028 3565 1074 3630 star
1080 3580 1134 3626 you
1144 3572 1167 3612 to
1179 3565 1262 3614 decide

209 3647 241 3696 be
252 3650 359 3710 granted
371 3664 386 3696 a
397 3649 506 3712 triumph
520 3649 557 3697 sor
566 3649 604 3696 his
616 3649 722 3711 military
747 3648 816 3696 what
834 3655 856 3696 to
876 3648 914 3695 do.
924 3674 957 3682 -
966 3645 1124 3704 Marionem,
1145 3663 1160 3696 a
1182 3648 1257 3697 slave.

208 3745 336 3780 successes
352 3731 379 3780 in
396 3731 490 3782 Cilicia.
526 3745 548 3794 3.
566 3731 602 3781 ad
617 3731 719 3791 urbem,
750 3743 787 3780 12.
811 3729 957 3788 commodo,
980 3729 1086 3777 without
1110 3730 1202 3794 injury
1227 3739 1257 3780 to.
