2988 4160
403 267 530 317 cremo
553 266 773 316 mraxceoes
796 267 865 316 aon
888 269 1067 317 AP1RATE.
1223 252 1265 330 89

213 435 306 498 illum
325 442 409 498 amo.
458 433 526 498 Sed
547 434 685 498 huiusce
706 436 797 499 modi
817 443 876 499 vos
898 435 1036 512 clientis,
1055 434 1154 499 huius
1175 436 1266 500 modi

214 554 332 612 causas
356 547 525 630 recipitis?
573 547 755 610 Hominem
781 555 884 610 imum
909 548 1057 611 omnium
1081 548 1266 612 crudelissi-

214 682 313 737 mum,
331 671 388 744 qui
408 669 458 724 tot
481 660 653 742 ingenuos,
675 667 798 724 matres
819 660 972 736 familias,
993 671 1072 725 civis
1095 663 1265 725 Romanos
1291 691 1319 723 10

214 774 341 850 occidit,
359 773 512 855 abripuit,
530 772 734 856 disperdidit,
751 773 904 855 regiones
920 774 1084 837 vastavit?
1131 774 1263 851 Simius,

213 895 281 950 non
302 886 449 950 semissis
468 888 576 962 homo,
597 893 713 949 contra
733 893 786 948 me
809 907 901 949 arma
924 887 999 950 tulit
1022 897 1056 950 et
1079 907 1154 950 eum
1178 887 1265 950 bello

214 1007 296 1082 cepi.
365 999 431 1065 Sed
463 1009 584 1075 tamen,
619 1008 663 1060 mi
694 999 819 1075 Cicero,
852 1000 932 1082 quid
962 1000 1074 1064 facere
1105 1001 1264 1082 possum?

215 1112 339 1177 Omnia
359 1112 548 1176 mehercule
570 1112 669 1195 cupio
690 1133 776 1194 quae
794 1121 830 1175 tu
850 1113 931 1176 mihi
949 1113 1102 1195 imperas.
1151 1114 1265 1176 Meam

214 1225 535 1288 animadversionem
566 1235 600 1289 et
630 1225 841 1308 supplicium,
870 1234 937 1308 quo
963 1233 1083 1288 usurus
1113 1246 1204 1288 eram
1231 1226 1265 1289 in
1291 1252 1318 1299 15

214 1357 289 1400 eum
318 1358 418 1420 quem
445 1338 619 1420 cepissem,
648 1339 780 1401 remitto
807 1338 867 1401 tibi
893 1348 927 1401 et
954 1339 1115 1402 condono.
1175 1339 1266 1421 Quid

214 1450 277 1513 ilhs
298 1451 501 1532 respondere
522 1471 658 1533 possum
682 1461 739 1534 qui
761 1451 804 1514 ob
826 1472 886 1514 sua
906 1451 994 1514 bona
1015 1451 1153 1533 direpta,
1172 1459 1265 1514 navis

215 1570 433 1646 expugnatas
462 1565 591 1640 fratres
618 1564 748 1640 liberos
777 1571 933 1646 parentes
961 1572 1087 1627 occisos
1118 1563 1265 1628 actiones

214 1677 450 1758 expostulant?
497 1677 533 1742 Si
551 1677 757 1740 mehercules
773 1678 868 1760 Appi
884 1685 921 1740 os
938 1676 1104 1753 haberem,
1122 1676 1156 1739 in
1172 1677 1265 1740 cuius

214 1791 324 1853 locum
341 1790 504 1853 suffectus
526 1810 609 1866 sum,
626 1799 739 1852 tamen
761 1791 824 1853 hoc
846 1790 1009 1852 sustinere
1029 1798 1098 1880 pon
1120 1810 1263 1872 possem.
1290 1823 1319 1854 ω

216 1901 307 1984 Quid
329 1909 410 1983 ergo
433 1903 506 1965 est?
564 1902 698 1966 Faciam
723 1902 835 1966 omnia
858 1902 974 1965 sedulo
997 1923 1083 1985 quae
1106 1910 1140 1965 te
1162 1902 1266 1966 sciam

214 2016 306 2078 velle.
358 2015 561 2079 Defenditur
580 2023 600 2078 a
622 2016 662 2098 Q.
683 2015 832 2091 Volusio,
852 2023 909 2078 tuo
933 2015 1103 2098 discipulo,
1130 2025 1157 2078 si
1179 2016 1266 2079 forte

214 2148 254 2190 ea
273 2135 325 2191 res
345 2128 468 2210 poterit
488 2128 694 2191 adversarios
717 2129 845 2210 fugare.
895 2129 935 2190 ln
959 2136 999 2192 eo
1023 2129 1165 2190 maxima
1188 2135 1266 2210 spes

215 2250 274 2303 est.
332 2241 413 2316 Nos,
442 2251 470 2304 si
496 2241 576 2324 quid
603 2241 665 2304 erit
689 2240 763 2303 istic
790 2261 883 2323 opuS,
913 2240 1084 2304 defendes.
1141 2240 1266 2304 Caesar

214 2352 325 2416 adhuc
348 2352 429 2416 mihi
449 2353 602 2416 iniuriam
623 2353 705 2416 facit
717 2374 725 2429 ;
748 2353 790 2416 de
808 2363 892 2416 meis
913 2353 1211 2436 supplicationibus
1233 2364 1267 2416 et
1290 2381 1318 2427 25

214 2465 313 2529 rebus
337 2476 441 2548 gestis
467 2467 663 2530 Dalmaticis
690 2467 801 2530 adhuc
827 2474 895 2530 non
922 2467 1035 2542 refert,
1063 2466 1159 2549 quasi
1189 2473 1267 2529 vero

215 2587 282 2640 non
299 2579 472 2642 iustissimi
486 2579 647 2661 triumphi
661 2579 695 2641 in
714 2578 883 2642 Dalmatia
899 2586 951 2642 res
966 2579 1135 2660 gesserim.
1177 2580 1266 2642 Nam

215 2701 244 2754 si
264 2692 327 2754 hoc
348 2691 610 2774 exspectandum
630 2701 690 2768 est,
711 2693 791 2754 dum
809 2700 915 2754 totum
937 2691 1060 2754 bellum
1082 2691 1264 2767 conficiam,

215 2804 333 2885 viginti
355 2805 480 2888 oppida
502 2815 580 2868 sunt
609 2805 798 2868 Dalmatiae
822 2814 977 2887 antiqua3
1009 2824 1095 2886 quae
1118 2804 1182 2886 ipsi
1205 2804 1267 2866 sibi

215 2916 435 2993 adsciverunt,
460 2918 603 3001 amplius
627 2917 809 3000 sexaginta.
866 2918 963 2980 Haec
990 2917 1054 2980 nisi
1080 2917 1192 2980 omnia
1216 2937 1267 2980 ex·
1290 2943 1320 2987 30

216 3035 339 3109 pugno,
366 3038 394 3090 si
418 3029 499 3092 mihi
524 3030 785 3112 supplicationes
813 3038 880 3093 non
908 3031 1140 3106 decernuntur,
1167 3030 1267 3110 longe

216 3140 279 3203 alia
295 3141 490 3206 condicione
506 3163 570 3225 ego
587 3163 661 3206 sum
677 3163 716 3206 ac
733 3151 835 3206 ceteri
849 3143 1075 3224 imperatores

215 3307 318 3355 known.
365 3307 388 3357 8.
411 3321 468 3367 voa,
489 3325 543 3372 you
568 3310 726 3374 Pompeiam.
754 3307 835 3374 Appi,
845 3308 953 3358 Cicero’s
962 3309 1125 3372 predecessor
1134 3308 1160 3357 in
1170 3307 1266 3367 Cilicia3

218 3402 254 3437 11.
281 3389 394 3450 Simius,
417 3399 471 3455 ape.
530 3405 567 3441 12.
593 3391 726 3452 semissis,
755 3399 781 3440 at
795 3392 834 3440 his
850 3391 926 3441 death
940 3391 1055 3440 Vatinius
1070 3391 1121 3440 had
1137 3391 1214 3439 taken
1228 3391 1267 3439 his

215 3473 406 3530 worthacent;
420 3474 602 3536 genolvalue.
638 3474 675 3524 18.
687 3487 728 3525 ac·
754 3475 826 3539 place
855 3474 881 3522 in
909 3475 952 3523 the
981 3473 1078 3537 college
1108 3473 1138 3522 ol
1165 3489 1263 3536 augura.

215 3553 304 3606 tiones
316 3557 499 3620 expostulant,
512 3557 624 3606 demand
633 3557 689 3605 that
699 3558 729 3606 he
756 3556 795 3606 26.
812 3555 982 3614 Dalmaticis,
996 3577 1020 3600 =
1034 3557 1064 3606 in
1081 3557 1225 3605 Dalmatia.
1234 3584 1268 3593 -

216 3637 242 3686 be
250 3639 384 3704 broughtto
395 3640 465 3688 trial.
498 3652 535 3702 19.
546 3639 726 3691 mehercules:
754 3637 845 3699 refert,
857 3655 890 3688 sc.
904 3641 942 3688 ad
949 3647 1072 3689 senatum.
1115 3653 1155 3705 27.
1172 3638 1267 3691 trium·

216 3721 353 3771 mehercule
368 3722 389 3772 is
404 3722 531 3788 preferred
546 3723 579 3787 by
591 3723 687 3773 Cicero.
696 3749 730 3758 -
754 3721 811 3788 phi,
823 3737 881 3786 gen.
894 3721 922 3770 ol
931 3721 1032 3787 quality.
