2988 4160
239 248 278 325 78
337 281 342 288 -
393 291 397 298 .
487 252 811 303 connssronnsncn
833 253 877 301 or
899 253 1034 301 crosno.

238 431 365 493 laceret
380 437 413 490 et
429 447 529 510 quam
551 447 647 489 suum
668 427 768 488 tz‘rlem
790 433 871 507 erga
892 433 945 489 me
966 426 1112 489 animum
1134 426 1194 490 tibi
1215 435 1286 509 gra-

187 566 215 598 10
237 551 307 605 tum
324 548 456 623 putaret
472 541 553 602 fore.
601 539 703 603 Cuius
720 538 827 602 officia
840 539 1033 602 iucundiora
1046 539 1171 603 scilicet
1183 559 1285 622 saepe

238 654 319 716 mihi
331 655 475 729 luerunt,
489 641 672 734 numquam
688 661 800 714 tamen
817 651 968 732 gratiora.
1018 653 1075 714 Me
1091 661 1202 715 autem
1218 661 1285 715 non

238 766 343 830 oratio
372 775 430 828 tua
460 765 566 827 solum
598 774 631 826 et
662 764 802 827 societas
833 783 940 845 paene
971 763 1197 846 aegritudinis,
1226 766 1285 827 sed

238 879 337 942 etiam
354 877 532 941 auctoritas
553 878 750 940 consolatur.
797 877 910 957 Turpe
930 875 1019 938 enirn
1040 896 1114 940 esse
1135 877 1286 940 existimo

239 999 291 1054 me
307 999 374 1053 non
390 990 436 1053 ita
452 991 540 1052 ferre
557 996 670 1051 casum
687 1008 798 1050 meum
815 998 852 1050 ut
869 995 913 1064 tu,
931 989 990 1051 tali
1011 989 1173 1070 sapientis
1194 1010 1286 1072 prae-

189 1123 214 1169 15
238 1104 335 1179 ditus,
355 1103 532 1166 ferendum
555 1108 662 1182 putas.
720 1101 787 1165 Sed
810 1101 979 1182 opprimor
997 1101 1163 1164 interdum
1185 1112 1218 1165 et
1232 1103 1286 1165 vix

239 1215 356 1278 resisto
372 1215 484 1289 dolori,
502 1213 591 1295 quod
608 1233 648 1275 ea
666 1221 719 1274 me
740 1212 861 1275 solacia
882 1213 1040 1276 deficiunt
1060 1234 1146 1296 quae
1167 1222 1285 1278 ceteris

239 1335 379 1410 quorum
407 1325 487 1388 mihi
513 1325 665 1406 exempla
690 1333 842 1407 propono
869 1325 966 1387 simili
992 1326 1025 1387 in
1052 1326 1188 1389 fortuna
1218 1336 1285 1390 non

239 1440 425 1502 defuerunt.
483 1439 571 1500 Nam
596 1446 629 1500 et
653 1437 693 1519 Q.
723 1437 898 1513 Maximus,
925 1440 982 1519 qul
1005 1438 1110 1500 filium
1139 1440 1286 1502 consula-

238 1572 318 1628 rem,
344 1552 469 1614 clarum
495 1549 602 1612 virum
629 1559 663 1612 et
690 1556 819 1630 magnis
846 1549 945 1612 rebus
970 1535 1082 1631 gestis,
1109 1551 1227 1628 amisit,
1253 1561 1287 1615 et

187 1689 216 1722 ω
240 1665 277 1726 L.
300 1663 441 1738 Paullus,
465 1672 521 1745 qui
544 1662 609 1724 duo
633 1671 762 1744 septem
786 1661 912 1737 diebus
936 1671 970 1724 et
992 1672 1103 1725 vester
1126 1664 1230 1727 Galus
1253 1673 1287 1728 et

240 1777 286 1838 M.
306 1776 398 1852 Cato,
415 1785 472 1857 qui
487 1783 617 1837 summo
635 1773 779 1856 ingenio,
797 1780 927 1836 summa
948 1774 1068 1836 virtute
1089 1774 1193 1837 filium
1216 1797 1287 1857 per-

239 1889 330 1963 didit,
352 1887 390 1950 iis
411 1887 618 1969 temporibus
639 1888 775 1949 luerunt
795 1895 831 1949 ut
854 1894 967 1949 eorum
992 1886 1117 1972 luctum
1139 1887 1286 1969 ipsorum

239 2000 382 2081 dignitas
406 2001 632 2064 consolaretur
654 2019 694 2061 ea
716 2019 817 2081 quam
839 2019 879 2061 ex
899 2007 934 2061 re
955 1999 1087 2082 publica
1110 2007 1288 2083 conseque-

238 2113 368 2176 bantur.
417 2112 502 2175 Mihi
525 2121 636 2204 autem
659 2112 789 2176 {amissis
812 2121 1016 2176 ornamentis
1039 2114 1078 2176 iis
1103 2135 1187 2198 quae
1214 2115 1286 2198 ipse

186 2241 215 2288 25
239 2232 479 2289 commemoras
496 2245 647 2307 quaeque
666 2245 755 2288 eram
779 2225 928 2288 maximis
946 2226 1113 2288 laboribus
1134 2227 1285 2308 adeptus,

239 2345 342 2400 smum
358 2338 515 2400 manebat
531 2337 613 2400 illud
634 2338 801 2413 solacium,
819 2339 908 2420 quod
929 2345 1079 2419 ereptum
1100 2348 1159 2401 est.
1208 2339 1285 2402 Non

239 2458 419 2513 amicorum
436 2449 586 2530 negotiis,
604 2456 671 2511 non
693 2458 741 2510 rei
761 2448 914 2529 publicae
934 2448 1165 2530 procuratione
1185 2448 1287 2531 impe-

239 2563 414 2626 diebantur
435 2561 652 2643 cogitationes
673 2581 777 2635 meae,
795 2560 876 2622 nihil
897 2560 930 2622 in
946 2559 1020 2622 foro
1035 2580 1135 2641 agere
1152 2561 1285 2639 libebat,

239 2675 409 2755 adspicere
434 2673 559 2737 curiam
586 2681 653 2736 non
684 2683 844 2756 poteram,
873 2672 1111 2749 existimabam,
1139 2673 1172 2736 id
1197 2676 1286 2757 quod

241 2892 277 2928 10.
292 2878 373 2930 Cuius
386 2917 424 2931 ...
437 2883 565 2946 gratiora,
577 2885 617 2935 i.e.
629 2885 662 2934 he
674 2885 747 2934 could
775 2888 853 2936 rebus
866 2887 960 2952 gestis,
973 2888 1022 2936 abl.
1032 2887 1060 2936 of
1070 2887 1170 2951 quality.
1204 2897 1242 2933 20.
1257 2884 1286 2932 L.

237 2963 297 3011 take
312 2978 345 3011 no
358 2964 477 3026 pleasure
492 2973 517 3014 at
533 2968 594 3016 such
613 2984 627 3016 a
644 2968 705 3016 time
722 2969 747 3016 in
774 2970 893 3028 Paullus,
906 2971 949 3019 the
962 2971 1042 3018 victor
1056 2970 1084 3018 of
1096 2970 1188 3032 Pydna,
1201 2967 1285 3014 whose

238 3045 280 3093 the
304 3044 392 3108 kindly
412 3048 518 3097 services
540 3049 569 3098 ol
589 3050 690 3110 friends,
713 3051 748 3099 al·
774 3059 822 3100 two
831 3068 915 3115 young
924 3069 982 3101 sons
991 3054 1049 3102 died
1062 3052 1152 3115 during
1163 3050 1205 3099 the
1215 3050 1286 3097 week

237 3128 334 3190 though
354 3129 412 3192 they
429 3147 493 3178 were
508 3133 623 3198 grateful
639 3141 664 3181 to
684 3134 745 3182 him.
774 3134 803 3182 of
812 3136 854 3182 the
868 3135 1020 3184 celebration
1035 3135 1063 3183 of
1077 3135 1116 3184 his
1133 3133 1242 3197 triumph
1259 3133 1284 3180 in

240 3223 277 3258 12.
289 3210 375 3263 oratio
386 3212 442 3271 tua,
447 3229 517 3276 your
524 3215 613 3263 words.
641 3229 676 3278 13.
688 3229 746 3266 auc·
777 3216 821 3280 167
842 3229 892 3265 nc.
904 3218 1043 3275 —vesten
1061 3233 1131 3280 your
1151 3217 1282 3265 kinsman.

236 3292 344 3352 toritas,
362 3296 401 3343 the
419 3297 572 3360 importante
592 3299 706 3347 Iatlaclr
725 3306 748 3346 to
775 3312 813 3346 21.
831 3301 867 3349 Μ.
890 3300 965 3358 Cato,
986 3301 1029 3349 the
1049 3300 1150 3348 Censor.
1191 3312 1230 3360 23.
1251 3311 1285 3347 ex

231 3391 303 3438 your
313 3379 426 3441 opinion.
464 3392 500 3444 15.
518 3379 661 3444 opprimor,
673 3383 693 3429 I
704 3399 747 3430 am
774 3395 801 3432 re
813 3382 929 3447 publica,
939 3384 969 3431 in
980 3384 1019 3431 the
1030 3383 1122 3430 service
1133 3383 1207 3448 oftlre
1217 3387 1284 3428 state.

236 3475 367 3513 ouercam,
408 3461 444 3510 16.
462 3461 598 3521 deficiunt,
612 3483 636 3506 =
649 3464 743 3513 desunt.
775 3479 813 3529 27.
831 3465 870 3515 rei
889 3465 1014 3529 publicae
1033 3463 1226 3528 procuratione,
1246 3464 1285 3511 the

239 3541 276 3590 18.
298 3542 326 3608 Q.
346 3543 492 3603 Maximus,
510 3546 552 3593 the
574 3553 702 3609 opponent
723 3547 751 3594 of
774 3549 879 3596 conduct
897 3550 928 3614 of
935 3549 1022 3612 public
1041 3547 1157 3596 business,
1199 3545 1237 3595 28.
1255 3544 1285 3594 in

238 3624 368 3674 Hannibal
376 3644 383 3685 ;
412 3627 444 3674 he
465 3628 591 3676 delivered
615 3644 630 3676 a
652 3628 747 3676 funeral
774 3628 831 3681 foro
851 3643 938 3694 agere,
959 3631 998 3680 ie.
1020 3647 1047 3678 as
1067 3630 1169 3694 pleader
1191 3629 1218 3676 in
1241 3628 1284 3677 the
1374 3681 1377 3690 ,

237 3707 334 3756 oration
353 3724 412 3758 over
430 3709 468 3758 his
486 3725 539 3758 son.
584 3723 620 3772 19.
639 3710 747 3776 magnis
774 3719 856 3761 courts
876 3713 904 3761 of
921 3713 975 3762 law.
1021 3726 1060 3775 29.
1080 3711 1108 3762 id
1129 3711 1198 3777 quod
1219 3711 1285 3770 erat.
