2988 4162
466 266 541 314 THE
564 266 672 315 EXILE
693 267 738 316 TO
762 266 822 315 HIS
845 266 989 316 FRIEND.
1211 271 1253 336 29
1333 269 1335 274 ’

204 439 405 520 Epicureum
418 411 678 522 prolibero'iuit.
721 440 805 503 Inde
818 440 851 502 in
863 440 981 504 Asiam
992 440 1092 503 venit.
1134 441 1252 503 Postea

203 552 296 614 Plato
322 553 456 635 quidam
481 552 673 628 Sardianus
700 552 894 634 Epicureus,
920 563 977 635 qui
998 553 1142 615 Athenis
1168 553 1252 616 solet

201 684 274 726 esse
297 664 437 727 multum
461 675 495 728 et
518 677 575 748 qui
596 675 669 728 tum
693 666 837 728 Athenis
861 666 979 740 iuerat,
1002 685 1077 727 cum
1103 665 1251 728 Licinius
1273 691 1288 738 5

200 784 240 838 eo
262 777 417 853 venisset,
439 799 513 840 cum
535 799 611 840 eum
633 777 810 859 fugitivum
833 797 906 840 esse
930 784 1047 859 postca
1067 798 1108 840 ex
1123 778 1252 860 Aesopi

200 889 315 951 litteris
341 898 528 971 cognosset,
556 890 724 954 hominem
752 890 1004 970 comprehendit
1028 899 1062 952 et
1086 889 1119 952 in
1145 898 1251 953 custo

200 1001 287 1062 diam
313 1002 440 1084 Ephesi
462 1003 605 1078 tradidit,
627 1003 686 1066 sed
708 1003 741 1066 in
764 1002 930 1084 publicam
953 1023 995 1064 an
1017 1002 1050 1064 in
1075 1011 1249 1083 pistrinum

200 1122 266 1176 non
283 1115 363 1177 satis
379 1135 420 1178 ex
435 1116 551 1178 litteris
568 1116 638 1178 eius
660 1117 853 1196 intellegere
875 1115 1051 1196 potuimus
1098 1116 1150 1177 Tri
1173 1123 1250 1197 quo

199 1227 380 1308 quomodo
396 1237 456 1304 est,
474 1228 629 1310 quoniam
653 1229 781 1310 Ephesi
801 1237 861 1303 est,
879 1227 1047 1290 hominem
1069 1227 1249 1309 investiges

95 1363 107 1370 ·
198 1339 298 1400 velim
329 1347 524 1422 summaque
551 1339 722 1421 diligentiis
749 1341 802 1403 vel
828 1347 939 1403 tecum
967 1339 1122 1402 deducas.
1172 1341 1250 1403 Non

199 1459 350 1532 spectare
367 1461 484 1535 quanti
499 1453 600 1515 homo
615 1452 665 1516 sit.
715 1453 812 1515 Parvi
827 1452 914 1514 enim
934 1461 1020 1534 preti
1035 1461 1094 1527 est,
1112 1462 1169 1534 qui
1184 1452 1248 1514 iam

199 1563 293 1624 nihili
308 1573 376 1641 est;
401 1565 461 1628 sed
474 1572 568 1626 tanto
584 1565 697 1627 dolore
710 1565 868 1646 Aesopus
881 1573 932 1627 est
945 1564 1097 1626 adlectus
1113 1574 1250 1646 propter

199 1685 286 1737 servi
302 1676 411 1738 scelus
427 1685 460 1739 et
476 1677 649 1739 audaciam
666 1687 702 1739 ut
718 1677 800 1738 nihil
816 1686 847 1739 ei
861 1677 988 1758 gratius
1007 1677 1120 1740 facere
1141 1687 1249 1760 possis

198 1807 298 1868 quam
316 1797 344 1850 si
359 1787 451 1850 iilum
468 1797 576 1872 perte
592 1789 792 1871 reciperarit.

302 2007 384 2073 XII.
431 2009 533 2072 THE
565 2009 714 2072 EXILE
745 2009 808 2073 TO
842 2009 923 2074 HIS
957 2008 1141 2072 FRIEND

625 2120 709 2204 (Att-
730 2138 757 2200 3·
774 2124 815 2205 5)-

562 2280 670 2330 Cicero
688 2279 798 2328 Attico
816 2279 878 2329 Sal.

238 2418 397 2482 Terentia
412 2419 472 2482 tibi
488 2429 521 2482 et
537 2439 638 2501 saepe
654 2430 687 2482 et
704 2419 864 2483 maximas
877 2420 946 2502 agit
958 2419 1090 2502 gratias.
1140 2421 1179 2483 Id
1195 2430 1247 2484 est

196 2530 277 2592 mihi
292 2530 526 2612 gratissimum.
575 2533 648 2612 Ego
663 2541 739 2596 vivo
754 2533 958 2597 miserrimus
979 2543 1012 2597 et
1031 2533 1174 2596 maximo
1192 2535 1246 2598 do-

195 2643 263 2706 lore
279 2643 442 2707 conficior.
490 2644 547 2707 Ad
563 2651 596 2707 te
612 2644 691 2726 quid
712 2646 854 2709 scribam
873 2647 993 2709 nescio.
1043 2647 1079 2711 Si
1100 2647 1188 2709 enim
1209 2667 1245 2710 es

193 2806 243 2854 and
260 2805 377 2868 delivery,
389 2807 440 2854 and
456 2821 506 2854 was
521 2822 577 2854 now
593 2805 706 2854 intimate
732 2805 891 2854 banlshment
903 2805 933 2854 ol
941 2823 989 2869 any
1001 2821 1050 2854 one
1061 2808 1119 2854 who
1135 2807 1186 2856 had
1200 2814 1245 2870 put

171 2885 173 2892 ’
193 2888 252 2936 with
266 2887 325 2937 him,
360 2901 383 2951 3.
400 2887 568 2952 Epicureum,
586 2889 625 2937 tlte
641 2889 705 2952 Epi·
732 2895 759 2936 to
779 2889 856 2937 death
876 2905 891 2936 a
913 2890 1011 2937 Roman
1032 2890 1121 2937 citizen
1140 2889 1245 2938 without

193 2986 298 3019 curean.
333 2985 357 3031 4.
376 2970 535 3030 Sardianus,
556 2973 587 3037 of
604 2972 702 3019 Sardis.
732 2971 795 3020 trial.
830 2972 913 3020 When
933 2971 1027 3030 Cicero,
1047 2973 1144 3034 against
1161 2973 1245 3021 whom

193 3051 216 3100 8.
240 3051 385 3116 publicam,
406 3069 439 3102 sc.
463 3053 705 3117 custodiam-pi-
732 3055 782 3102 this
794 3070 845 3102 was
862 3055 952 3112 aimed,
967 3054 1045 3102 found
1064 3055 1118 3103 that
1135 3055 1174 3104 his
1191 3056 1245 3104 foes

193 3133 318 3194 strinum,
336 3151 351 3184 a
368 3135 421 3183 mill
438 3135 475 3184 sor
492 3136 610 3199 grinding
626 3137 705 3199 grain,
732 3152 796 3185 were
808 3143 851 3184 too
863 3136 983 3199 poweriul
996 3143 1022 3184 to
1038 3138 1070 3184 be
1086 3138 1198 3194 resisted‚
1211 3138 1243 3186 he

193 3218 219 3264 in
230 3219 313 3266 which
325 3219 459 3281 refractory
467 3219 547 3268 slaves
559 3235 623 3267 were
636 3220 705 3268 osten
732 3219 781 3268 iled
790 3218 853 3266 srom
863 3219 906 3267 the
918 3219 974 3281 city,
985 3221 1035 3268 and
1047 3219 1150 3268 Clodius
1162 3221 1243 3268 there·

193 3301 333 3364 compelled
345 3308 372 3349 to
384 3302 452 3350 work
465 3318 492 3350 as
504 3318 519 3350 a
533 3302 702 3366 punishment,
732 3317 800 3365 upon
816 3302 911 3350 carried
929 3303 1034 3350 another
1049 3302 1093 3349 bill
1110 3302 1245 3366 banishing

195 3394 232 3430 10.
252 3382 368 3447 Ephesi:
395 3385 509 3448 Ephesus
524 3400 575 3433 was
592 3385 635 3433 the
653 3392 706 3433 seat
731 3385 781 3432 and
798 3383 932 3446 outlawing
949 3384 1002 3432 him
1018 3384 1052 3446 by
1064 3400 1145 3434 name.
1179 3386 1244 3434 Atti-

193 3465 222 3512 os
234 3465 277 3514 the
292 3467 427 3529 provincial
443 3474 616 3530 government.
624 3495 658 3503 -
666 3466 706 3516 in-
731 3482 775 3514 cus
784 3482 834 3515 was
846 3483 902 3514 now
911 3467 937 3514 in
950 3467 1040 3525 Rome,
1050 3469 1099 3516 and
1112 3469 1161 3517 this
1171 3469 1244 3517 letter

191 3547 321 3612 vestiges,
333 3549 400 3597 hunt
411 3557 452 3613 up.
731 3550 751 3598 is
760 3565 809 3597 one
819 3549 847 3597 ol
856 3550 949 3598 several
961 3551 1096 3598 addressed
1109 3558 1135 3599 to
1147 3551 1200 3599 him
1212 3552 1245 3614 by

236 3631 297 3679 XII.
320 3631 350 3678 In
364 3632 452 3680 March
465 3633 493 3680 os
503 3633 534 3697 58
544 3645 591 3682 nc.
604 3633 705 3682 Clodius
731 3632 819 3680 Cicero
834 3633 908 3680 while
926 3649 958 3680 on
977 3633 1016 3680 his
1030 3649 1083 3695 way
1098 3634 1152 3682 into
1170 3634 1241 3683 exile.

191 3711 243 3762 had
254 3715 380 3778 proposed
392 3731 407 3763 a
419 3715 461 3762 bill
473 3715 607 3779 providing
615 3715 653 3763 for
662 3716 704 3763 the
734 3728 754 3763 1.
773 3727 862 3778 saepe,
874 3715 915 3763 i.e.
929 3714 954 3762 in
967 3715 1011 3762 her
1023 3715 1109 3763 letters
1121 3723 1147 3764 to
1159 3731 1208 3765 me.
1260 3717 1269 3728 “
