<?xml version="1.0" encoding="UTF-8"?>
<!DOCTYPE html PUBLIC "-//W3C//DTD XHTML 1.0 Transitional//EN"
    "http://www.w3.org/TR/xhtml1/DTD/xhtml1-transitional.dtd">
<html xmlns="http://www.w3.org/1999/xhtml" xml:lang="en" lang="en">
 <head>
  <title>
</title>
<meta http-equiv="Content-Type" content="text/html;charset=utf-8" />
  <meta name='ocr-system' content='tesseract 3.04.00' />
  <meta name='ocr-capabilities' content='ocr_page ocr_carea ocr_par ocr_line ocrx_word'/>
</head>
<body>
  <div class='ocr_page' id='page_1' title='image "./selectionsfromc04cicegoog_0086.png"; bbox 0 0 2988 4160; ppageno 0'>
   <div class='ocr_carea' id='block_1_1' title="bbox 352 246 1262 320">
    <p class='ocr_par' dir='ltr' id='par_1_1' title="bbox 352 246 1262 320">
     <span class='ocr_line' id='line_1_1' title="bbox 352 246 1262 320; baseline 0.003 -22"><span class='ocrx_word' id='word_1_1' title='bbox 352 250 464 298; x_wconf 88' lang='lat' dir='ltr'><strong>REPLY</strong></span> <span class='ocrx_word' id='word_1_2' title='bbox 486 250 531 299; x_wconf 93' lang='lat' dir='ltr'>TO</span> <span class='ocrx_word' id='word_1_3' title='bbox 553 250 627 298; x_wconf 89' lang='lat' dir='ltr'>THE</span> <span class='ocrx_word' id='word_1_4' title='bbox 652 251 787 299; x_wconf 82' lang='lat' dir='ltr'>LElTER</span> <span class='ocrx_word' id='word_1_5' title='bbox 810 246 855 301; x_wconf 86' lang='lat' dir='ltr'>OF</span> <span class='ocrx_word' id='word_1_6' title='bbox 877 251 1119 301; x_wconf 87' lang='lat' dir='ltr'><strong>CONDOLENCE.</strong></span> <span class='ocrx_word' id='word_1_7' title='bbox 1221 253 1262 320; x_wconf 84' lang='lat'>79</span> 
     </span>
    </p>
   </div>
   <div class='ocr_carea' id='block_1_2' title="bbox 207 425 1336 3600">
    <p class='ocr_par' dir='ltr' id='par_1_2' title="bbox 207 425 1336 3600">
     <span class='ocr_line' id='line_1_2' title="bbox 209 425 1314 500; baseline 0.004 -14"><span class='ocrx_word' id='word_1_8' title='bbox 209 433 288 500; x_wconf 89' lang='lat' dir='ltr'>erat,</span> <span class='ocrx_word' id='word_1_9' title='bbox 311 433 419 487; x_wconf 83' lang='lat' dir='ltr'>omnis</span> <span class='ocrx_word' id='word_1_10' title='bbox 441 431 494 486; x_wconf 90' lang='lat' dir='ltr'>me</span> <span class='ocrx_word' id='word_1_11' title='bbox 516 434 548 487; x_wconf 92' lang='lat' dir='ltr'>et</span> <span class='ocrx_word' id='word_1_12' title='bbox 568 425 751 488; x_wconf 83' lang='lat' dir='ltr'><strong>industriae</strong></span> <span class='ocrx_word' id='word_1_13' title='bbox 775 445 869 488; x_wconf 89' lang='lat' dir='ltr'>meae</span> <span class='ocrx_word' id='word_1_14' title='bbox 893 426 1023 488; x_wconf 78' lang='lat' dir='ltr'>irnctns</span> <span class='ocrx_word' id='word_1_15' title='bbox 1047 434 1080 488; x_wconf 91' lang='lat' dir='ltr'>et</span> <span class='ocrx_word' id='word_1_16' title='bbox 1104 425 1260 488; x_wconf 77' lang='lat' dir='ltr'>fortunae</span> <span class='ocrx_word' id='word_1_17' title='bbox 1284 445 1314 490; x_wconf 79' lang='lat'>30</span> 
     </span>
     <span class='ocr_line' id='line_1_3' title="bbox 209 537 1262 619; baseline 0.001 -20"><span class='ocrx_word' id='word_1_18' title='bbox 209 537 402 619; x_wconf 84' lang='lat' dir='ltr'>perdidisse.</span> <span class='ocrx_word' id='word_1_19' title='bbox 451 537 518 601; x_wconf 91' lang='lat' dir='ltr'>Sed</span> <span class='ocrx_word' id='word_1_20' title='bbox 549 557 624 600; x_wconf 91' lang='lat' dir='ltr'>cum</span> <span class='ocrx_word' id='word_1_21' title='bbox 652 538 833 618; x_wconf 76' lang='lat' dir='ltr'>cegiterem</span> <span class='ocrx_word' id='word_1_22' title='bbox 865 538 947 613; x_wconf 90' lang='lat' dir='ltr'>haec</span> <span class='ocrx_word' id='word_1_23' title='bbox 979 537 1060 600; x_wconf 92' lang='lat' dir='ltr'>mihi</span> <span class='ocrx_word' id='word_1_24' title='bbox 1090 545 1199 600; x_wconf 90' lang='lat' dir='ltr'>tecum</span> <span class='ocrx_word' id='word_1_25' title='bbox 1227 546 1262 600; x_wconf 89' lang='lat' dir='ltr'>et</span> 
     </span>
     <span class='ocr_line' id='line_1_4' title="bbox 209 649 1258 731; baseline 0 -19"><span class='ocrx_word' id='word_1_26' title='bbox 209 669 284 712; x_wconf 95' lang='lat' dir='ltr'>cum</span> <span class='ocrx_word' id='word_1_27' title='bbox 301 649 499 731; x_wconf 89' lang='lat' dir='ltr'>quibusdam</span> <span class='ocrx_word' id='word_1_28' title='bbox 519 669 592 712; x_wconf 88' lang='lat' dir='ltr'>esse</span> <span class='ocrx_word' id='word_1_29' title='bbox 614 651 812 726; x_wconf 82' lang='lat' dir='ltr'>communia,</span> <span class='ocrx_word' id='word_1_30' title='bbox 830 659 863 714; x_wconf 89' lang='lat' dir='ltr'>et</span> <span class='ocrx_word' id='word_1_31' title='bbox 884 671 960 713; x_wconf 92' lang='lat' dir='ltr'>cum</span> <span class='ocrx_word' id='word_1_32' title='bbox 981 651 1172 731; x_wconf 81' lang='lat' dir='ltr'>frangerem</span> <span class='ocrx_word' id='word_1_33' title='bbox 1194 649 1258 712; x_wconf 92' lang='lat' dir='ltr'>iam</span> 
     </span>
     <span class='ocr_line' id='line_1_5' title="bbox 209 761 1261 844; baseline 0 -20"><span class='ocrx_word' id='word_1_34' title='bbox 209 761 281 843; x_wconf 92' lang='lat' dir='ltr'>ipse</span> <span class='ocrx_word' id='word_1_35' title='bbox 300 769 354 823; x_wconf 93' lang='lat' dir='ltr'>me</span> <span class='ocrx_word' id='word_1_36' title='bbox 372 769 592 844; x_wconf 83' lang='lat' dir='ltr'>cegeremque</span> <span class='ocrx_word' id='word_1_37' title='bbox 615 763 670 824; x_wconf 90' lang='lat' dir='ltr'>illa</span> <span class='ocrx_word' id='word_1_38' title='bbox 691 763 779 825; x_wconf 87' lang='lat' dir='ltr'>ferre</span> <span class='ocrx_word' id='word_1_39' title='bbox 800 763 990 839; x_wconf 81' lang='lat' dir='ltr'>toleranter,</span> <span class='ocrx_word' id='word_1_40' title='bbox 1008 762 1173 825; x_wconf 75' lang='lat' dir='ltr'>habebam</span> <span class='ocrx_word' id='word_1_41' title='bbox 1195 770 1261 844; x_wconf 81' lang='lat' dir='ltr'>que</span> 
     </span>
     <span class='ocr_line' id='line_1_6' title="bbox 209 874 1261 956; baseline 0 -20"><span class='ocrx_word' id='word_1_42' title='bbox 209 875 435 954; x_wconf 76' lang='lat' dir='ltr'>cenlugerem</span> <span class='ocrx_word' id='word_1_43' title='bbox 465 874 521 936; x_wconf 91' lang='lat' dir='ltr'>ubi</span> <span class='ocrx_word' id='word_1_44' title='bbox 548 874 826 956; x_wconf 78' lang='lat' dir='ltr'>conquiescerem,</span> <span class='ocrx_word' id='word_1_45' title='bbox 856 875 950 938; x_wconf 79' lang='lat' dir='ltr'>celus</span> <span class='ocrx_word' id='word_1_46' title='bbox 982 875 1016 937; x_wconf 92' lang='lat' dir='ltr'>in</span> <span class='ocrx_word' id='word_1_47' title='bbox 1044 882 1197 938; x_wconf 80' lang='lat' dir='ltr'>sermone</span> <span class='ocrx_word' id='word_1_48' title='bbox 1227 884 1261 937; x_wconf 90' lang='lat' dir='ltr'>et</span> 
     </span>
     <span class='ocr_line' id='line_1_7' title="bbox 209 985 1312 1070; baseline 0 -22"><span class='ocrx_word' id='word_1_49' title='bbox 209 985 371 1048; x_wconf 76' lang='lat' dir='ltr'>suevitnte</span> <span class='ocrx_word' id='word_1_50' title='bbox 402 996 510 1048; x_wconf 83' lang='lat' dir='ltr'>omnis</span> <span class='ocrx_word' id='word_1_51' title='bbox 541 994 638 1049; x_wconf 76' lang='lat' dir='ltr'>ceras</span> <span class='ocrx_word' id='word_1_52' title='bbox 666 987 862 1070; x_wconf 79' lang='lat' dir='ltr'>doleresque</span> <span class='ocrx_word' id='word_1_53' title='bbox 889 988 1100 1069; x_wconf 83' lang='lat' dir='ltr'>depenerem.</span> <span class='ocrx_word' id='word_1_54' title='bbox 1161 987 1260 1050; x_wconf 92' lang='lat' dir='ltr'>Nunc</span> <span class='ocrx_word' id='word_1_55' title='bbox 1285 1004 1312 1050; x_wconf 86' lang='lat'>35</span> 
     </span>
     <span class='ocr_line' id='line_1_8' title="bbox 209 1099 1336 1182; baseline 0.002 -22"><span class='ocrx_word' id='word_1_56' title='bbox 209 1108 319 1161; x_wconf 93' lang='lat' dir='ltr'>autem</span> <span class='ocrx_word' id='word_1_57' title='bbox 352 1099 414 1161; x_wconf 83' lang='lat' dir='ltr'>hec</span> <span class='ocrx_word' id='word_1_58' title='bbox 444 1108 513 1160; x_wconf 89' lang='lat' dir='ltr'>tam</span> <span class='ocrx_word' id='word_1_59' title='bbox 544 1109 638 1181; x_wconf 86' lang='lat' dir='ltr'>gravi</span> <span class='ocrx_word' id='word_1_60' title='bbox 662 1100 798 1162; x_wconf 91' lang='lat' dir='ltr'>vulnere</span> <span class='ocrx_word' id='word_1_61' title='bbox 824 1099 924 1162; x_wconf 87' lang='lat' dir='ltr'>etiam</span> <span class='ocrx_word' id='word_1_62' title='bbox 952 1100 1007 1162; x_wconf 88' lang='lat' dir='ltr'>illa</span> <span class='ocrx_word' id='word_1_63' title='bbox 1034 1119 1120 1182; x_wconf 90' lang='lat' dir='ltr'>quae</span> <span class='ocrx_word' id='word_1_64' title='bbox 1147 1106 1261 1162; x_wconf 74' lang='lat' dir='ltr'>cense—</span> <span class='ocrx_word' id='word_1_65' title='bbox 1334 1134 1336 1139; x_wconf 95' lang='lat'>·</span> 
     </span>
     <span class='ocr_line' id='line_1_9' title="bbox 209 1210 1261 1275; baseline 0.001 -2"><span class='ocrx_word' id='word_1_66' title='bbox 209 1210 536 1274; x_wconf 89' lang='lat' dir='ltr'>nuissevidebantur</span> <span class='ocrx_word' id='word_1_67' title='bbox 556 1212 802 1274; x_wconf 79' lang='lat' dir='ltr'>recrudescunt.</span> <span class='ocrx_word' id='word_1_68' title='bbox 853 1213 930 1275; x_wconf 82' lang='lat' dir='ltr'>Nen</span> <span class='ocrx_word' id='word_1_69' title='bbox 952 1211 1039 1274; x_wconf 90' lang='lat' dir='ltr'>enim</span> <span class='ocrx_word' id='word_1_70' title='bbox 1062 1221 1098 1275; x_wconf 92' lang='lat' dir='ltr'>ut</span> <span class='ocrx_word' id='word_1_71' title='bbox 1116 1221 1188 1275; x_wconf 93' lang='lat' dir='ltr'>tum</span> <span class='ocrx_word' id='word_1_72' title='bbox 1207 1220 1261 1274; x_wconf 87' lang='lat' dir='ltr'>me</span> 
     </span>
     <span class='ocr_line' id='line_1_10' title="bbox 209 1322 1258 1407; baseline 0.004 -23"><span class='ocrx_word' id='word_1_73' title='bbox 209 1330 229 1385; x_wconf 72' lang='lat' dir='ltr'>e</span> <span class='ocrx_word' id='word_1_74' title='bbox 255 1331 290 1384; x_wconf 89' lang='lat' dir='ltr'>re</span> <span class='ocrx_word' id='word_1_75' title='bbox 315 1322 448 1404; x_wconf 80' lang='lat' dir='ltr'>publica</span> <span class='ocrx_word' id='word_1_76' title='bbox 475 1333 639 1386; x_wconf 90' lang='lat' dir='ltr'>maestum</span> <span class='ocrx_word' id='word_1_77' title='bbox 664 1324 782 1387; x_wconf 90' lang='lat' dir='ltr'>domus</span> <span class='ocrx_word' id='word_1_78' title='bbox 807 1325 992 1406; x_wconf 77' lang='lat' dir='ltr'>excipiebat</span> <span class='ocrx_word' id='word_1_79' title='bbox 1016 1345 1101 1407; x_wconf 88' lang='lat' dir='ltr'>quae</span> <span class='ocrx_word' id='word_1_80' title='bbox 1124 1325 1258 1401; x_wconf 66' lang='lat' dir='ltr'>leveret</span> 
     </span>
     <span class='ocr_line' id='line_1_11' title="bbox 210 1435 1260 1518; baseline 0.002 -20"><span class='ocrx_word' id='word_1_81' title='bbox 210 1445 256 1498; x_wconf 79' lang='lat' dir='ltr'>sic</span> <span class='ocrx_word' id='word_1_82' title='bbox 287 1456 376 1498; x_wconf 92' lang='lat' dir='ltr'>nunc</span> <span class='ocrx_word' id='word_1_83' title='bbox 401 1435 499 1498; x_wconf 81' lang='lat' dir='ltr'>dome</span> <span class='ocrx_word' id='word_1_84' title='bbox 530 1444 681 1499; x_wconf 89' lang='lat' dir='ltr'>maerens</span> <span class='ocrx_word' id='word_1_85' title='bbox 709 1437 752 1498; x_wconf 91' lang='lat' dir='ltr'>ad</span> <span class='ocrx_word' id='word_1_86' title='bbox 782 1457 851 1500; x_wconf 89' lang='lat' dir='ltr'>rem</span> <span class='ocrx_word' id='word_1_87' title='bbox 880 1437 1047 1518; x_wconf 80' lang='lat' dir='ltr'>publicam</span> <span class='ocrx_word' id='word_1_88' title='bbox 1078 1439 1260 1518; x_wconf 80' lang='lat' dir='ltr'>confugere</span> 
     </span>
     <span class='ocr_line' id='line_1_12' title="bbox 210 1547 1314 1632; baseline 0.003 -22"><span class='ocrx_word' id='word_1_89' title='bbox 210 1568 346 1629; x_wconf 90' lang='lat' dir='ltr'>possum</span> <span class='ocrx_word' id='word_1_90' title='bbox 366 1558 402 1611; x_wconf 90' lang='lat' dir='ltr'>ut</span> <span class='ocrx_word' id='word_1_91' title='bbox 423 1547 457 1609; x_wconf 91' lang='lat' dir='ltr'>in</span> <span class='ocrx_word' id='word_1_92' title='bbox 479 1548 549 1610; x_wconf 92' lang='lat' dir='ltr'>eius</span> <span class='ocrx_word' id='word_1_93' title='bbox 573 1548 670 1611; x_wconf 80' lang='lat' dir='ltr'>bonis</span> <span class='ocrx_word' id='word_1_94' title='bbox 694 1549 915 1631; x_wconf 90' lang='lat' dir='ltr'>adquiescam.</span> <span class='ocrx_word' id='word_1_95' title='bbox 964 1551 1081 1632; x_wconf 88' lang='lat' dir='ltr'>Itaque</span> <span class='ocrx_word' id='word_1_96' title='bbox 1105 1560 1139 1613; x_wconf 89' lang='lat' dir='ltr'>et</span> <span class='ocrx_word' id='word_1_97' title='bbox 1162 1551 1261 1614; x_wconf 81' lang='lat' dir='ltr'>dome</span> <span class='ocrx_word' id='word_1_98' title='bbox 1284 1571 1314 1613; x_wconf 80' lang='lat'>40</span> 
     </span>
     <span class='ocr_line' id='line_1_13' title="bbox 210 1660 1260 1745; baseline 0.002 -23"><span class='ocrx_word' id='word_1_99' title='bbox 210 1660 328 1722; x_wconf 92' lang='lat' dir='ltr'>absum</span> <span class='ocrx_word' id='word_1_100' title='bbox 351 1669 384 1722; x_wconf 91' lang='lat' dir='ltr'>et</span> <span class='ocrx_word' id='word_1_101' title='bbox 405 1661 486 1736; x_wconf 84' lang='lat' dir='ltr'>lore,</span> <span class='ocrx_word' id='word_1_102' title='bbox 505 1661 593 1742; x_wconf 92' lang='lat' dir='ltr'>quod</span> <span class='ocrx_word' id='word_1_103' title='bbox 615 1681 676 1724; x_wconf 90' lang='lat' dir='ltr'>nec</span> <span class='ocrx_word' id='word_1_104' title='bbox 698 1682 774 1723; x_wconf 92' lang='lat' dir='ltr'>eum</span> <span class='ocrx_word' id='word_1_105' title='bbox 794 1661 940 1724; x_wconf 80' lang='lat' dir='ltr'>dolerem</span> <span class='ocrx_word' id='word_1_106' title='bbox 961 1681 1059 1743; x_wconf 90' lang='lat' dir='ltr'>quem</span> <span class='ocrx_word' id='word_1_107' title='bbox 1083 1663 1125 1725; x_wconf 87' lang='lat' dir='ltr'>de</span> <span class='ocrx_word' id='word_1_108' title='bbox 1146 1671 1182 1726; x_wconf 91' lang='lat' dir='ltr'>re</span> <span class='ocrx_word' id='word_1_109' title='bbox 1203 1671 1260 1745; x_wconf 83' lang='lat' dir='ltr'>pu-</span> 
     </span>
     <span class='ocr_line' id='line_1_14' title="bbox 209 1771 1260 1855; baseline 0.004 -22"><span class='ocrx_word' id='word_1_110' title='bbox 209 1772 295 1834; x_wconf 80' lang='lat' dir='ltr'>blica</span> <span class='ocrx_word' id='word_1_111' title='bbox 312 1771 408 1852; x_wconf 80' lang='lat' dir='ltr'>capio</span> <span class='ocrx_word' id='word_1_112' title='bbox 423 1773 541 1835; x_wconf 91' lang='lat' dir='ltr'>domus</span> <span class='ocrx_word' id='word_1_113' title='bbox 558 1772 622 1834; x_wconf 87' lang='lat' dir='ltr'>iam</span> <span class='ocrx_word' id='word_1_114' title='bbox 643 1774 807 1836; x_wconf 77' lang='lat' dir='ltr'>censeleri</span> <span class='ocrx_word' id='word_1_115' title='bbox 827 1783 938 1855; x_wconf 89' lang='lat' dir='ltr'>potest</span> <span class='ocrx_word' id='word_1_116' title='bbox 959 1793 1020 1837; x_wconf 90' lang='lat' dir='ltr'>nec</span> <span class='ocrx_word' id='word_1_117' title='bbox 1042 1775 1260 1837; x_wconf 90' lang='lat' dir='ltr'>domesticum</span> 
     </span>
     <span class='ocr_line' id='line_1_15' title="bbox 210 1883 1260 1969; baseline 0.003 -24"><span class='ocrx_word' id='word_1_118' title='bbox 210 1891 263 1946; x_wconf 91' lang='lat' dir='ltr'>res</span> <span class='ocrx_word' id='word_1_119' title='bbox 280 1883 421 1965; x_wconf 83' lang='lat' dir='ltr'>publica.</span> <span class='ocrx_word' id='word_1_120' title='bbox 470 1885 547 1966; x_wconf 76' lang='lat' dir='ltr'>Qun</span> <span class='ocrx_word' id='word_1_121' title='bbox 563 1885 670 1966; x_wconf 86' lang='lat' dir='ltr'>magis</span> <span class='ocrx_word' id='word_1_122' title='bbox 686 1893 719 1948; x_wconf 91' lang='lat' dir='ltr'>te</span> <span class='ocrx_word' id='word_1_123' title='bbox 735 1893 892 1966; x_wconf 81' lang='lat' dir='ltr'>exspecte</span> <span class='ocrx_word' id='word_1_124' title='bbox 911 1893 1010 1968; x_wconf 90' lang='lat' dir='ltr'>teque</span> <span class='ocrx_word' id='word_1_125' title='bbox 1026 1886 1138 1950; x_wconf 90' lang='lat' dir='ltr'>videre</span> <span class='ocrx_word' id='word_1_126' title='bbox 1160 1908 1260 1969; x_wconf 90' lang='lat' dir='ltr'>quam</span> 
     </span>
     <span class='ocr_line' id='line_1_16' title="bbox 211 1997 1261 2078; baseline 0.006 -22"><span class='ocrx_word' id='word_1_127' title='bbox 211 2006 354 2077; x_wconf 86' lang='lat' dir='ltr'>primum</span> <span class='ocrx_word' id='word_1_128' title='bbox 370 1997 476 2078; x_wconf 83' lang='lat' dir='ltr'>euple.</span> <span class='ocrx_word' id='word_1_129' title='bbox 526 1998 636 2060; x_wconf 76' lang='lat' dir='ltr'>Maius</span> <span class='ocrx_word' id='word_1_130' title='bbox 654 1997 734 2059; x_wconf 89' lang='lat' dir='ltr'>mihi</span> <span class='ocrx_word' id='word_1_131' title='bbox 750 1997 908 2060; x_wconf 74' lang='lat' dir='ltr'>soleclum</span> <span class='ocrx_word' id='word_1_132' title='bbox 922 1998 1055 2061; x_wconf 83' lang='lat' dir='ltr'>adferre</span> <span class='ocrx_word' id='word_1_133' title='bbox 1071 1999 1154 2061; x_wconf 83' lang='lat' dir='ltr'>ratie</span> <span class='ocrx_word' id='word_1_134' title='bbox 1170 2000 1261 2062; x_wconf 82' lang='lat' dir='ltr'>nulla</span> 
     </span>
     <span class='ocr_line' id='line_1_17' title="bbox 211 2109 1312 2194; baseline 0.005 -24"><span class='ocrx_word' id='word_1_135' title='bbox 211 2118 322 2190; x_wconf 91' lang='lat' dir='ltr'>potest</span> <span class='ocrx_word' id='word_1_136' title='bbox 338 2130 436 2190; x_wconf 90' lang='lat' dir='ltr'>quam</span> <span class='ocrx_word' id='word_1_137' title='bbox 453 2109 643 2173; x_wconf 81' lang='lat' dir='ltr'>coniunctio</span> <span class='ocrx_word' id='word_1_138' title='bbox 660 2110 907 2174; x_wconf 77' lang='lat' dir='ltr'>censuetndinis</span> <span class='ocrx_word' id='word_1_139' title='bbox 927 2119 1184 2194; x_wconf 79' lang='lat' dir='ltr'>sermenumque</span> <span class='ocrx_word' id='word_1_140' title='bbox 1206 2133 1261 2175; x_wconf 91' lang='lat' dir='ltr'>no·</span> <span class='ocrx_word' id='word_1_141' title='bbox 1285 2131 1312 2176; x_wconf 86' lang='lat'>45</span> 
     </span>
     <span class='ocr_line' id='line_1_18' title="bbox 211 2221 1259 2304; baseline 0.004 -22"><span class='ocrx_word' id='word_1_142' title='bbox 211 2229 362 2283; x_wconf 82' lang='lat' dir='ltr'>strorum.</span> <span class='ocrx_word' id='word_1_143' title='bbox 410 2221 623 2304; x_wconf 85' lang='lat' dir='ltr'>Quamquam</span> <span class='ocrx_word' id='word_1_144' title='bbox 647 2223 822 2304; x_wconf 77' lang='lat' dir='ltr'>sperebam</span> <span class='ocrx_word' id='word_1_145' title='bbox 849 2232 943 2285; x_wconf 92' lang='lat' dir='ltr'>tuum</span> <span class='ocrx_word' id='word_1_146' title='bbox 970 2223 1259 2287; x_wconf 81' lang='lat' dir='ltr'>adventum—sic</span> 
     </span>
     <span class='ocr_line' id='line_1_19' title="bbox 211 2333 1261 2417; baseline 0.004 -23"><span class='ocrx_word' id='word_1_147' title='bbox 211 2333 298 2395; x_wconf 90' lang='lat' dir='ltr'>enim</span> <span class='ocrx_word' id='word_1_148' title='bbox 312 2333 821 2417; x_wconf 70' lang='lat' dir='ltr'>audiebam-appropinquare.</span> <span class='ocrx_word' id='word_1_149' title='bbox 871 2337 945 2416; x_wconf 85' lang='lat' dir='ltr'>Ego</span> <span class='ocrx_word' id='word_1_150' title='bbox 962 2345 1073 2398; x_wconf 88' lang='lat' dir='ltr'>autem</span> <span class='ocrx_word' id='word_1_151' title='bbox 1089 2356 1164 2398; x_wconf 94' lang='lat' dir='ltr'>cum</span> <span class='ocrx_word' id='word_1_152' title='bbox 1181 2337 1261 2398; x_wconf 91' lang='lat' dir='ltr'>mul-</span> 
     </span>
     <span class='ocr_line' id='line_1_20' title="bbox 210 2445 1259 2530; baseline 0.002 -22"><span class='ocrx_word' id='word_1_153' title='bbox 210 2454 252 2508; x_wconf 86' lang='lat' dir='ltr'>tis</span> <span class='ocrx_word' id='word_1_154' title='bbox 268 2445 309 2508; x_wconf 89' lang='lat' dir='ltr'>de</span> <span class='ocrx_word' id='word_1_155' title='bbox 326 2455 433 2508; x_wconf 82' lang='lat' dir='ltr'>causis</span> <span class='ocrx_word' id='word_1_156' title='bbox 450 2454 483 2509; x_wconf 90' lang='lat' dir='ltr'>te</span> <span class='ocrx_word' id='word_1_157' title='bbox 505 2455 626 2528; x_wconf 82' lang='lat' dir='ltr'>exopto</span> <span class='ocrx_word' id='word_1_158' title='bbox 648 2468 745 2530; x_wconf 88' lang='lat' dir='ltr'>quam</span> <span class='ocrx_word' id='word_1_159' title='bbox 769 2457 912 2529; x_wconf 83' lang='lat' dir='ltr'>primum</span> <span class='ocrx_word' id='word_1_160' title='bbox 928 2447 1049 2523; x_wconf 91' lang='lat' dir='ltr'>videre,</span> <span class='ocrx_word' id='word_1_161' title='bbox 1066 2457 1137 2511; x_wconf 92' lang='lat' dir='ltr'>tum</span> <span class='ocrx_word' id='word_1_162' title='bbox 1159 2449 1259 2512; x_wconf 90' lang='lat' dir='ltr'>etiam</span> 
     </span>
     <span class='ocr_line' id='line_1_21' title="bbox 211 2560 1260 2642; baseline 0.004 -22"><span class='ocrx_word' id='word_1_163' title='bbox 211 2567 246 2620; x_wconf 90' lang='lat' dir='ltr'>ut</span> <span class='ocrx_word' id='word_1_164' title='bbox 270 2568 346 2621; x_wconf 88' lang='lat' dir='ltr'>ante</span> <span class='ocrx_word' id='word_1_165' title='bbox 372 2568 635 2622; x_wconf 89' lang='lat' dir='ltr'>commentemur</span> <span class='ocrx_word' id='word_1_166' title='bbox 658 2560 745 2622; x_wconf 91' lang='lat' dir='ltr'>inter</span> <span class='ocrx_word' id='word_1_167' title='bbox 765 2569 825 2622; x_wconf 83' lang='lat' dir='ltr'>nes</span> <span class='ocrx_word' id='word_1_168' title='bbox 847 2560 1060 2642; x_wconf 66' lang='lat' dir='ltr'>quaeratione</span> <span class='ocrx_word' id='word_1_169' title='bbox 1082 2561 1176 2624; x_wconf 83' lang='lat' dir='ltr'>nebis</span> <span class='ocrx_word' id='word_1_170' title='bbox 1197 2569 1260 2624; x_wconf 76' lang='lat' dir='ltr'>tre-</span> 
     </span>
     <span class='ocr_line' id='line_1_22' title="bbox 210 2672 1313 2755; baseline 0.003 -21"><span class='ocrx_word' id='word_1_171' title='bbox 210 2672 398 2736; x_wconf 84' lang='lat' dir='ltr'>ducendum</span> <span class='ocrx_word' id='word_1_172' title='bbox 427 2672 469 2734; x_wconf 92' lang='lat' dir='ltr'>sit</span> <span class='ocrx_word' id='word_1_173' title='bbox 496 2673 558 2734; x_wconf 82' lang='lat' dir='ltr'>hoc</span> <span class='ocrx_word' id='word_1_174' title='bbox 586 2681 728 2754; x_wconf 90' lang='lat' dir='ltr'>tempus,</span> <span class='ocrx_word' id='word_1_175' title='bbox 758 2672 846 2755; x_wconf 93' lang='lat' dir='ltr'>quod</span> <span class='ocrx_word' id='word_1_176' title='bbox 874 2681 924 2734; x_wconf 92' lang='lat' dir='ltr'>est</span> <span class='ocrx_word' id='word_1_177' title='bbox 954 2680 1060 2734; x_wconf 81' lang='lat' dir='ltr'>totum</span> <span class='ocrx_word' id='word_1_178' title='bbox 1088 2674 1130 2735; x_wconf 88' lang='lat' dir='ltr'>ad</span> <span class='ocrx_word' id='word_1_179' title='bbox 1162 2681 1259 2736; x_wconf 81' lang='lat' dir='ltr'>unius</span> <span class='ocrx_word' id='word_1_180' title='bbox 1284 2691 1313 2737; x_wconf 85' lang='lat'>50</span> 
     </span>
     <span class='ocr_line' id='line_1_23' title="bbox 209 2784 1258 2866; baseline 0.002 -20"><span class='ocrx_word' id='word_1_181' title='bbox 209 2784 415 2848; x_wconf 77' lang='lat' dir='ltr'>voluntetem</span> <span class='ocrx_word' id='word_1_182' title='bbox 443 2785 772 2860; x_wconf 86' lang='lat' dir='ltr'>accommodandum,</span> <span class='ocrx_word' id='word_1_183' title='bbox 800 2794 833 2847; x_wconf 91' lang='lat' dir='ltr'>et</span> <span class='ocrx_word' id='word_1_184' title='bbox 861 2785 1034 2866; x_wconf 75' lang='lat' dir='ltr'>prndentis</span> <span class='ocrx_word' id='word_1_185' title='bbox 1060 2794 1093 2847; x_wconf 92' lang='lat' dir='ltr'>et</span> <span class='ocrx_word' id='word_1_186' title='bbox 1115 2785 1258 2848; x_wconf 75' lang='lat' dir='ltr'>liberelis</span> 
     </span>
     <span class='ocr_line' id='line_1_24' title="bbox 210 2897 1260 2982; baseline 0.002 -24"><span class='ocrx_word' id='word_1_187' title='bbox 210 2906 251 2971; x_wconf 89' lang='lat' dir='ltr'>et,</span> <span class='ocrx_word' id='word_1_188' title='bbox 276 2907 314 2959; x_wconf 95' lang='lat' dir='ltr'>ut</span> <span class='ocrx_word' id='word_1_189' title='bbox 337 2897 546 2982; x_wconf 81' lang='lat' dir='ltr'>perspexisse</span> <span class='ocrx_word' id='word_1_190' title='bbox 569 2897 691 2971; x_wconf 86' lang='lat' dir='ltr'>videor,</span> <span class='ocrx_word' id='word_1_191' title='bbox 717 2917 779 2960; x_wconf 87' lang='lat' dir='ltr'>nec</span> <span class='ocrx_word' id='word_1_192' title='bbox 803 2904 822 2959; x_wconf 75' lang='lat' dir='ltr'>e</span> <span class='ocrx_word' id='word_1_193' title='bbox 846 2905 899 2958; x_wconf 89' lang='lat' dir='ltr'>me</span> <span class='ocrx_word' id='word_1_194' title='bbox 922 2897 1021 2959; x_wconf 84' lang='lat' dir='ltr'>alieni</span> <span class='ocrx_word' id='word_1_195' title='bbox 1043 2906 1076 2960; x_wconf 92' lang='lat' dir='ltr'>et</span> <span class='ocrx_word' id='word_1_196' title='bbox 1099 2897 1159 2960; x_wconf 90' lang='lat' dir='ltr'>tibi</span> <span class='ocrx_word' id='word_1_197' title='bbox 1183 2908 1260 2961; x_wconf 82' lang='lat' dir='ltr'>ami-</span> 
     </span>
     <span class='ocr_line' id='line_1_25' title="bbox 208 3039 1257 3112; baseline 0.004 -24"><span class='ocrx_word' id='word_1_198' title='bbox 208 3057 237 3088; x_wconf 87' lang='lat' dir='ltr'>as</span> <span class='ocrx_word' id='word_1_199' title='bbox 247 3057 300 3088; x_wconf 84' lang='lat' dir='ltr'>was</span> <span class='ocrx_word' id='word_1_200' title='bbox 312 3041 403 3089; x_wconf 86' lang='lat' dir='ltr'>indeed</span> <span class='ocrx_word' id='word_1_201' title='bbox 410 3042 449 3089; x_wconf 77' lang='lat' dir='ltr'>the</span> <span class='ocrx_word' id='word_1_202' title='bbox 462 3058 520 3090; x_wconf 83' lang='lat' dir='ltr'>case.</span> <span class='ocrx_word' id='word_1_203' title='bbox 556 3054 595 3104; x_wconf 88' lang='lat'>32.</span> <span class='ocrx_word' id='word_1_204' title='bbox 613 3039 719 3106; x_wconf 75' lang='lat' dir='ltr'>frange·</span> <span class='ocrx_word' id='word_1_205' title='bbox 746 3053 814 3100; x_wconf 85' lang='lat' dir='ltr'>cum,</span> <span class='ocrx_word' id='word_1_206' title='bbox 828 3057 861 3090; x_wconf 91' lang='lat' dir='ltr'>sc.</span> <span class='ocrx_word' id='word_1_207' title='bbox 877 3042 992 3112; x_wconf 61' lang='lat' dir='ltr'>dolarent.</span> <span class='ocrx_word' id='word_1_208' title='bbox 1032 3053 1072 3106; x_wconf 83' lang='lat'>45.</span> <span class='ocrx_word' id='word_1_209' title='bbox 1091 3041 1257 3092; x_wconf 79' lang='lat' dir='ltr'>consuetudi·</span> 
     </span>
     <span class='ocr_line' id='line_1_26' title="bbox 208 3123 1255 3190; baseline 0.001 -18"><span class='ocrx_word' id='word_1_210' title='bbox 208 3135 273 3181; x_wconf 86' lang='lat' dir='ltr'>rem,</span> <span class='ocrx_word' id='word_1_211' title='bbox 288 3125 307 3172; x_wconf 87' lang='lat' dir='ltr'><em>J</em></span> <span class='ocrx_word' id='word_1_212' title='bbox 318 3140 370 3172; x_wconf 86' lang='lat' dir='ltr'>was</span> <span class='ocrx_word' id='word_1_213' title='bbox 384 3125 523 3188; x_wconf 80' lang='lat' dir='ltr'>beginning</span> <span class='ocrx_word' id='word_1_214' title='bbox 536 3131 559 3171; x_wconf 86' lang='lat' dir='ltr'>to</span> <span class='ocrx_word' id='word_1_215' title='bbox 570 3131 612 3187; x_wconf 80' lang='lat' dir='ltr'>get</span> <span class='ocrx_word' id='word_1_216' title='bbox 628 3124 720 3190; x_wconf 76' lang='lat' dir='ltr'>mysels</span> <span class='ocrx_word' id='word_1_217' title='bbox 746 3123 798 3182; x_wconf 86' lang='lat' dir='ltr'>nis,</span> <span class='ocrx_word' id='word_1_218' title='bbox 825 3125 984 3172; x_wconf 77' lang='lat' dir='ltr'>intercourse.</span> <span class='ocrx_word' id='word_1_219' title='bbox 1032 3124 1072 3184; x_wconf 89' lang='lat'>46.</span> <span class='ocrx_word' id='word_1_220' title='bbox 1104 3124 1255 3188; x_wconf 78' lang='lat' dir='ltr'>sperabam,</span> 
     </span>
     <span class='ocr_line' id='line_1_27' title="bbox 209 3205 1258 3269; baseline 0.003 -16"><span class='ocrx_word' id='word_1_221' title='bbox 209 3207 238 3254; x_wconf 86' lang='lat' dir='ltr'>in</span> <span class='ocrx_word' id='word_1_222' title='bbox 250 3207 327 3254; x_wconf 78' lang='lat' dir='ltr'>hand.</span> <span class='ocrx_word' id='word_1_223' title='bbox 363 3219 401 3269; x_wconf 83' lang='lat'>33.</span> <span class='ocrx_word' id='word_1_224' title='bbox 420 3207 575 3264; x_wconf 84' lang='lat' dir='ltr'>toleranter,</span> <span class='ocrx_word' id='word_1_225' title='bbox 584 3207 715 3269; x_wconf 80' lang='lat' dir='ltr'>patienlly.</span> <span class='ocrx_word' id='word_1_226' title='bbox 746 3205 1120 3269; x_wconf 80' lang='lat' dir='ltr'>audiebam,epistolarytense.</span> <span class='ocrx_word' id='word_1_227' title='bbox 1136 3220 1176 3266; x_wconf 87' lang='lat'>49.</span> <span class='ocrx_word' id='word_1_228' title='bbox 1186 3207 1258 3264; x_wconf 86' lang='lat' dir='ltr'>ante,</span> 
     </span>
     <span class='ocr_line' id='line_1_28' title="bbox 208 3287 1258 3351; baseline 0 -15"><span class='ocrx_word' id='word_1_229' title='bbox 208 3287 247 3351; x_wconf 86' lang='lat'>36.</span> <span class='ocrx_word' id='word_1_230' title='bbox 274 3287 455 3346; x_wconf 80' lang='lat' dir='ltr'>consanuisse,</span> <span class='ocrx_word' id='word_1_231' title='bbox 484 3296 507 3336; x_wconf 81' lang='lat' dir='ltr'>to</span> <span class='ocrx_word' id='word_1_232' title='bbox 534 3289 597 3336; x_wconf 76' lang='lat' dir='ltr'>have</span> <span class='ocrx_word' id='word_1_233' title='bbox 624 3289 716 3336; x_wconf 80' lang='lat' dir='ltr'>healed.</span> <span class='ocrx_word' id='word_1_234' title='bbox 747 3290 776 3336; x_wconf 90' lang='lat' dir='ltr'>in</span> <span class='ocrx_word' id='word_1_235' title='bbox 794 3289 911 3346; x_wconf 84' lang='lat' dir='ltr'>advance,</span> <span class='ocrx_word' id='word_1_236' title='bbox 931 3289 969 3337; x_wconf 87' lang='lat' dir='ltr'>i.e.</span> <span class='ocrx_word' id='word_1_237' title='bbox 988 3288 1074 3336; x_wconf 82' lang='lat' dir='ltr'>before</span> <span class='ocrx_word' id='word_1_238' title='bbox 1092 3288 1203 3336; x_wconf 87' lang='lat' dir='ltr'>Caesar’s</span> <span class='ocrx_word' id='word_1_239' title='bbox 1220 3304 1258 3336; x_wconf 91' lang='lat' dir='ltr'>re·</span> 
     </span>
     <span class='ocr_line' id='line_1_29' title="bbox 208 3370 1258 3435; baseline -0.001 -15"><span class='ocrx_word' id='word_1_240' title='bbox 208 3383 247 3434; x_wconf 87' lang='lat'>37.</span> <span class='ocrx_word' id='word_1_241' title='bbox 263 3371 457 3428; x_wconf 82' lang='lat' dir='ltr'>recrudescunt,</span> <span class='ocrx_word' id='word_1_242' title='bbox 470 3387 515 3418; x_wconf 77' lang='lat' dir='ltr'>ore</span> <span class='ocrx_word' id='word_1_243' title='bbox 527 3371 650 3435; x_wconf 76' lang='lat' dir='ltr'>breaking</span> <span class='ocrx_word' id='word_1_244' title='bbox 659 3379 719 3434; x_wconf 82' lang='lat' dir='ltr'>open</span> <span class='ocrx_word' id='word_1_245' title='bbox 746 3379 801 3419; x_wconf 90' lang='lat' dir='ltr'>turn</span> <span class='ocrx_word' id='word_1_246' title='bbox 810 3372 874 3419; x_wconf 90' lang='lat' dir='ltr'>lrom</span> <span class='ocrx_word' id='word_1_247' title='bbox 882 3371 970 3434; x_wconf 87' lang='lat' dir='ltr'>Spain;</span> <span class='ocrx_word' id='word_1_248' title='bbox 987 3371 1029 3418; x_wconf 88' lang='lat' dir='ltr'>the</span> <span class='ocrx_word' id='word_1_249' title='bbox 1038 3371 1116 3418; x_wconf 87' lang='lat' dir='ltr'>battle</span> <span class='ocrx_word' id='word_1_250' title='bbox 1126 3370 1154 3418; x_wconf 87' lang='lat' dir='ltr'>ol</span> <span class='ocrx_word' id='word_1_251' title='bbox 1163 3372 1258 3420; x_wconf 87' lang='lat' dir='ltr'>Munda</span> 
     </span>
     <span class='ocr_line' id='line_1_30' title="bbox 208 3453 1258 3516; baseline 0.002 -16"><span class='ocrx_word' id='word_1_252' title='bbox 208 3454 467 3516; x_wconf 80' lang='lat' dir='ltr'>again.—Non‚witb</span> <span class='ocrx_word' id='word_1_253' title='bbox 472 3461 581 3516; x_wconf 78' lang='lat' dir='ltr'>possum.</span> <span class='ocrx_word' id='word_1_254' title='bbox 600 3467 639 3516; x_wconf 82' lang='lat'>39.</span> <span class='ocrx_word' id='word_1_255' title='bbox 648 3466 719 3504; x_wconf 84' lang='lat' dir='ltr'>mae·</span> <span class='ocrx_word' id='word_1_256' title='bbox 746 3455 795 3502; x_wconf 86' lang='lat' dir='ltr'>had</span> <span class='ocrx_word' id='word_1_257' title='bbox 805 3454 869 3502; x_wconf 90' lang='lat' dir='ltr'>been</span> <span class='ocrx_word' id='word_1_258' title='bbox 880 3453 968 3514; x_wconf 86' lang='lat' dir='ltr'>fought</span> <span class='ocrx_word' id='word_1_259' title='bbox 978 3453 1065 3500; x_wconf 86' lang='lat' dir='ltr'>March</span> <span class='ocrx_word' id='word_1_260' title='bbox 1078 3454 1182 3516; x_wconf 86' lang='lat' dir='ltr'>17th.—</span> <span class='ocrx_word' id='word_1_261' title='bbox 1189 3465 1258 3504; x_wconf 84' lang='lat' dir='ltr'>com·</span> 
     </span>
     <span class='ocr_line' id='line_1_31' title="bbox 207 3536 1257 3600; baseline 0.003 -16"><span class='ocrx_word' id='word_1_262' title='bbox 207 3547 276 3592; x_wconf 86' lang='lat' dir='ltr'>rens,</span> <span class='ocrx_word' id='word_1_263' title='bbox 290 3537 319 3584; x_wconf 84' lang='lat' dir='ltr'>in</span> <span class='ocrx_word' id='word_1_264' title='bbox 333 3551 374 3598; x_wconf 84' lang='lat' dir='ltr'>my</span> <span class='ocrx_word' id='word_1_265' title='bbox 381 3537 457 3600; x_wconf 78' lang='lat' dir='ltr'>grief.</span> <span class='ocrx_word' id='word_1_266' title='bbox 491 3549 530 3596; x_wconf 87' lang='lat'>40.</span> <span class='ocrx_word' id='word_1_267' title='bbox 549 3536 635 3594; x_wconf 91' lang='lat' dir='ltr'>bonis,</span> <span class='ocrx_word' id='word_1_268' title='bbox 649 3556 672 3579; x_wconf 95' lang='lat'>=</span> <span class='ocrx_word' id='word_1_269' title='bbox 685 3553 719 3584; x_wconf 86' lang='lat' dir='ltr'>se·</span> <span class='ocrx_word' id='word_1_270' title='bbox 745 3537 903 3593; x_wconf 71' lang='lat' dir='ltr'>mutemur,</span> <span class='ocrx_word' id='word_1_271' title='bbox 914 3536 1052 3584; x_wconf 79' lang='lat' dir='ltr'>deliberate.</span> <span class='ocrx_word' id='word_1_272' title='bbox 1089 3548 1127 3600; x_wconf 87' lang='lat'>51.</span> <span class='ocrx_word' id='word_1_273' title='bbox 1143 3537 1257 3599; x_wconf 86' lang='lat' dir='ltr'>pruden-</span> 
     </span>
    </p>
   </div>
   <div class='ocr_carea' id='block_1_3' title="bbox 207 3617 1256 3766">
    <p class='ocr_par' dir='ltr' id='par_1_3' title="bbox 207 3617 1256 3766">
     <span class='ocr_line' id='line_1_32' title="bbox 207 3617 1256 3682; baseline 0.002 -16"><span class='ocrx_word' id='word_1_274' title='bbox 207 3619 297 3666; x_wconf 89' lang='lat' dir='ltr'>cundis</span> <span class='ocrx_word' id='word_1_275' title='bbox 309 3618 387 3666; x_wconf 85' lang='lat' dir='ltr'>rebus.</span> <span class='ocrx_word' id='word_1_276' title='bbox 397 3618 525 3676; x_wconf 85' lang='lat' dir='ltr'>—d0m0,</span> <span class='ocrx_word' id='word_1_277' title='bbox 542 3618 583 3666; x_wconf 79' lang='lat' dir='ltr'>ie.</span> <span class='ocrx_word' id='word_1_278' title='bbox 602 3620 664 3667; x_wconf 85' lang='lat' dir='ltr'>lrom</span> <span class='ocrx_word' id='word_1_279' title='bbox 681 3619 720 3666; x_wconf 90' lang='lat' dir='ltr'>his</span> <span class='ocrx_word' id='word_1_280' title='bbox 746 3617 792 3676; x_wconf 85' lang='lat' dir='ltr'>tis,</span> <span class='ocrx_word' id='word_1_281' title='bbox 811 3619 921 3668; x_wconf 86' lang='lat' dir='ltr'>sensible.</span> <span class='ocrx_word' id='word_1_282' title='bbox 933 3646 966 3654; x_wconf 90' lang='lat'>—</span> <span class='ocrx_word' id='word_1_283' title='bbox 977 3617 1107 3676; x_wconf 83' lang='lat' dir='ltr'>liberalis,</span> <span class='ocrx_word' id='word_1_284' title='bbox 1124 3636 1256 3682; x_wconf 77' lang='lat' dir='ltr'>genereus.</span> 
     </span>
     <span class='ocr_line' id='line_1_33' title="bbox 207 3699 1256 3766; baseline 0.001 -17"><span class='ocrx_word' id='word_1_285' title='bbox 207 3701 335 3750; x_wconf 87' lang='lat' dir='ltr'>residence</span> <span class='ocrx_word' id='word_1_286' title='bbox 348 3701 374 3748; x_wconf 93' lang='lat' dir='ltr'>in</span> <span class='ocrx_word' id='word_1_287' title='bbox 386 3701 428 3749; x_wconf 85' lang='lat' dir='ltr'>the</span> <span class='ocrx_word' id='word_1_288' title='bbox 443 3701 499 3761; x_wconf 87' lang='lat' dir='ltr'>city.</span> <span class='ocrx_word' id='word_1_289' title='bbox 534 3715 574 3762; x_wconf 81' lang='lat'>42.</span> <span class='ocrx_word' id='word_1_290' title='bbox 592 3700 719 3752; x_wconf 78' lang='lat' dir='ltr'>domesti·</span> <span class='ocrx_word' id='word_1_291' title='bbox 746 3713 785 3766; x_wconf 80' lang='lat'>52.</span> <span class='ocrx_word' id='word_1_292' title='bbox 803 3714 820 3750; x_wconf 88' lang='lat' dir='ltr'>a</span> <span class='ocrx_word' id='word_1_293' title='bbox 838 3714 881 3751; x_wconf 86' lang='lat' dir='ltr'>me</span> <span class='ocrx_word' id='word_1_294' title='bbox 898 3699 989 3758; x_wconf 83' lang='lat' dir='ltr'>alieni,</span> <span class='ocrx_word' id='word_1_295' title='bbox 1006 3701 1158 3765; x_wconf 81' lang='lat' dir='ltr'>unfriendly</span> <span class='ocrx_word' id='word_1_296' title='bbox 1173 3709 1196 3749; x_wconf 81' lang='lat' dir='ltr'>to</span> <span class='ocrx_word' id='word_1_297' title='bbox 1212 3719 1256 3750; x_wconf 89' lang='lat' dir='ltr'>me.</span> 
     </span>
    </p>
   </div>
   <div class='ocr_carea' id='block_1_4' title="bbox 0 0 1498 4160">
    <p class='ocr_par' dir='ltr' id='par_1_4' title="bbox 0 0 1498 4160">
     <span class='ocr_line' id='line_1_34' title="bbox 0 0 1498 4160; baseline 0 0"><span class='ocrx_word' id='word_1_298' title='bbox 0 0 1498 4160; x_wconf 95' lang='lat' dir='ltr'> </span> 
     </span>
    </p>
   </div>
  </div>
 </body>
</html>
