<?xml version="1.0" encoding="UTF-8"?>
<!DOCTYPE html PUBLIC "-//W3C//DTD XHTML 1.0 Transitional//EN"
    "http://www.w3.org/TR/xhtml1/DTD/xhtml1-transitional.dtd">
<html xmlns="http://www.w3.org/1999/xhtml" xml:lang="en" lang="en">
 <head>
  <title>
</title>
<meta http-equiv="Content-Type" content="text/html;charset=utf-8" />
  <meta name='ocr-system' content='tesseract 3.04.00' />
  <meta name='ocr-capabilities' content='ocr_page ocr_carea ocr_par ocr_line ocrx_word'/>
</head>
<body>
  <div class='ocr_page' id='page_1' title='image "./selectionsfromc04cicegoog_0073.png"; bbox 0 0 2988 4160; ppageno 0'>
   <div class='ocr_carea' id='block_1_1' title="bbox 267 233 1065 295">
    <p class='ocr_par' dir='ltr' id='par_1_1' title="bbox 267 233 1065 295">
     <span class='ocr_line' id='line_1_1' title="bbox 267 233 1065 295; baseline -0.009 0"><span class='ocrx_word' id='word_1_1' title='bbox 267 233 311 295; x_wconf 87' lang='lat'>66</span> <span class='ocrx_word' id='word_1_2' title='bbox 518 239 842 291; x_wconf 70' lang='lat' dir='ltr'>correspouoeucs</span> <span class='ocrx_word' id='word_1_3' title='bbox 864 241 909 288; x_wconf 77' lang='lat' dir='ltr'>os</span> <span class='ocrx_word' id='word_1_4' title='bbox 930 240 1065 289; x_wconf 80' lang='lat' dir='ltr'>crceRo.</span> 
     </span>
    </p>
   </div>
   <div class='ocr_carea' id='block_1_2' title="bbox 217 414 1319 928">
    <p class='ocr_par' dir='ltr' id='par_1_2' title="bbox 269 414 1319 722">
     <span class='ocr_line' id='line_1_2' title="bbox 269 414 1318 505; baseline -0.001 -27"><span class='ocrx_word' id='word_1_5' title='bbox 269 415 478 496; x_wconf 79' lang='lat' dir='ltr'>ingravescit,</span> <span class='ocrx_word' id='word_1_6' title='bbox 502 415 601 477; x_wconf 76' lang='lat' dir='ltr'>credo</span> <span class='ocrx_word' id='word_1_7' title='bbox 625 424 659 478; x_wconf 90' lang='lat' dir='ltr'>et</span> <span class='ocrx_word' id='word_1_8' title='bbox 684 415 801 477; x_wconf 69' lang='lat' dir='ltr'>aetitis</span> <span class='ocrx_word' id='word_1_9' title='bbox 825 414 1015 477; x_wconf 59' lang='lat' dir='ltr'>maturitate</span> <span class='ocrx_word' id='word_1_10' title='bbox 1040 415 1082 478; x_wconf 85' lang='lat' dir='ltr'>ad</span> <span class='ocrx_word' id='word_1_11' title='bbox 1105 415 1318 505; x_wconf 76' lang='lat' dir='ltr'>prudentiam</span> 
     </span>
     <span class='ocr_line' id='line_1_3' title="bbox 269 527 1319 609; baseline -0.001 -19"><span class='ocrx_word' id='word_1_12' title='bbox 269 537 303 591; x_wconf 96' lang='lat' dir='ltr'>et</span> <span class='ocrx_word' id='word_1_13' title='bbox 323 527 362 590; x_wconf 77' lang='lat' dir='ltr'>iis</span> <span class='ocrx_word' id='word_1_14' title='bbox 383 536 571 609; x_wconf 90' lang='lat' dir='ltr'>temporum</span> <span class='ocrx_word' id='word_1_15' title='bbox 589 527 685 602; x_wconf 75' lang='lat' dir='ltr'>vitiis</span> <span class='ocrx_word' id='word_1_16' title='bbox 706 536 742 589; x_wconf 95' lang='lat' dir='ltr'>ut</span> <span class='ocrx_word' id='word_1_17' title='bbox 764 527 855 588; x_wconf 78' lang='lat' dir='ltr'>nulla</span> <span class='ocrx_word' id='word_1_18' title='bbox 879 534 932 589; x_wconf 80' lang='lat' dir='ltr'>res</span> <span class='ocrx_word' id='word_1_19' title='bbox 953 527 1017 589; x_wconf 85' lang='lat' dir='ltr'>alia</span> <span class='ocrx_word' id='word_1_20' title='bbox 1037 527 1149 589; x_wconf 71' lang='lat' dir='ltr'>levere</span> <span class='ocrx_word' id='word_1_21' title='bbox 1171 528 1319 590; x_wconf 87' lang='lat' dir='ltr'>animum</span> 
     </span>
     <span class='ocr_line' id='line_1_4' title="bbox 270 623 1319 722; baseline 0.001 -20"><span class='ocrx_word' id='word_1_22' title='bbox 270 640 428 703; x_wconf 82' lang='lat' dir='ltr'>molestiis</span> <span class='ocrx_word' id='word_1_23' title='bbox 444 639 557 722; x_wconf 88' lang='lat' dir='ltr'>possit.</span> <span class='ocrx_word' id='word_1_24' title='bbox 605 623 721 720; x_wconf 66' lang='grc' dir='ltr'>Ᾱᾳυό</span> <span class='ocrx_word' id='word_1_25' title='bbox 740 639 849 702; x_wconf 80' lang='lat' dir='ltr'>studio</span> <span class='ocrx_word' id='word_1_26' title='bbox 867 647 901 701; x_wconf 79' lang='lat' dir='ltr'>te</span> <span class='ocrx_word' id='word_1_27' title='bbox 922 638 1043 702; x_wconf 81' lang='lat' dir='ltr'>abduci</span> <span class='ocrx_word' id='word_1_28' title='bbox 1063 640 1205 720; x_wconf 77' lang='lat' dir='ltr'>negotiis</span> <span class='ocrx_word' id='word_1_29' title='bbox 1226 640 1319 703; x_wconf 89' lang='lat' dir='ltr'>intel·</span> 
     </span>
    </p>

    <p class='ocr_par' dir='ltr' id='par_1_3' title="bbox 217 750 1319 928">
     <span class='ocr_line' id='line_1_5' title="bbox 217 750 1319 834; baseline -0.005 -15"><span class='ocrx_word' id='word_1_30' title='bbox 217 773 245 820; x_wconf 84' lang='lat'>35</span> <span class='ocrx_word' id='word_1_31' title='bbox 269 753 346 834; x_wconf 78' lang='lat' dir='ltr'>lego</span> <span class='ocrx_word' id='word_1_32' title='bbox 370 773 411 814; x_wconf 88' lang='lat' dir='ltr'>ex</span> <span class='ocrx_word' id='word_1_33' title='bbox 434 761 499 814; x_wconf 84' lang='lat' dir='ltr'>tuis</span> <span class='ocrx_word' id='word_1_34' title='bbox 523 751 649 827; x_wconf 82' lang='lat' dir='ltr'>litteris,</span> <span class='ocrx_word' id='word_1_35' title='bbox 676 752 736 814; x_wconf 90' lang='lat' dir='ltr'>sed</span> <span class='ocrx_word' id='word_1_36' title='bbox 759 760 872 814; x_wconf 81' lang='lat' dir='ltr'>tamen</span> <span class='ocrx_word' id='word_1_37' title='bbox 900 751 1023 834; x_wconf 84' lang='lat' dir='ltr'>aliquid</span> <span class='ocrx_word' id='word_1_38' title='bbox 1050 750 1117 814; x_wconf 85' lang='lat' dir='ltr'>iam</span> <span class='ocrx_word' id='word_1_39' title='bbox 1143 759 1259 815; x_wconf 82' lang='lat' dir='ltr'>noctes</span> <span class='ocrx_word' id='word_1_40' title='bbox 1286 760 1319 815; x_wconf 79' lang='lat' dir='ltr'>te</span> 
     </span>
     <span class='ocr_line' id='line_1_6' title="bbox 270 864 481 928; baseline -0.009 0"><span class='ocrx_word' id='word_1_41' title='bbox 270 864 481 928; x_wconf 66' lang='lat' dir='ltr'>adiuvebunt.</span> 
     </span>
    </p>
   </div>
   <div class='ocr_carea' id='block_1_3' title="bbox 386 1114 1203 1319">
    <p class='ocr_par' dir='ltr' id='par_1_4' title="bbox 386 1114 1203 1319">
     <span class='ocr_line' id='line_1_7' title="bbox 386 1114 1203 1178; baseline 0.002 -2"><span class='ocrx_word' id='word_1_42' title='bbox 386 1114 520 1177; x_wconf 83' lang='lat' dir='ltr'>xxxi.</span> <span class='ocrx_word' id='word_1_43' title='bbox 569 1115 603 1177; x_wconf 86' lang='lat' dir='ltr'>A</span> <span class='ocrx_word' id='word_1_44' title='bbox 635 1114 898 1178; x_wconf 81' lang='lat' dir='ltr'>PILFERING</span> <span class='ocrx_word' id='word_1_45' title='bbox 931 1115 1203 1178; x_wconf 73' lang='lat' dir='ltr'>LrssRArrrAN</span> 
     </span>
     <span class='ocr_line' id='line_1_8' title="bbox 639 1233 947 1319; baseline 0 -1"><span class='ocrx_word' id='word_1_46' title='bbox 639 1233 746 1318; x_wconf 69' lang='lat' dir='ltr'><em>(Fam</em></span> <span class='ocrx_word' id='word_1_47' title='bbox 769 1251 814 1314; x_wconf 83' lang='lat'>13-</span> <span class='ocrx_word' id='word_1_48' title='bbox 835 1249 884 1315; x_wconf 89' lang='lat'>77·</span> <span class='ocrx_word' id='word_1_49' title='bbox 905 1234 947 1319; x_wconf 69' lang='lat'>3).</span> 
     </span>
    </p>
   </div>
   <div class='ocr_carea' id='block_1_4' title="bbox 178 1415 1322 2834">
    <p class='ocr_par' dir='ltr' id='par_1_5' title="bbox 270 1415 1321 1828">
     <span class='ocr_line' id='line_1_9' title="bbox 316 1415 1319 1496; baseline 0 -17"><span class='ocrx_word' id='word_1_50' title='bbox 316 1417 490 1479; x_wconf 58' lang='lat' dir='ltr'>Praeterea</span> <span class='ocrx_word' id='word_1_51' title='bbox 514 1423 533 1476; x_wconf 70' lang='lat' dir='ltr'>e</span> <span class='ocrx_word' id='word_1_52' title='bbox 557 1423 591 1477; x_wconf 78' lang='lat' dir='ltr'>te</span> <span class='ocrx_word' id='word_1_53' title='bbox 615 1423 695 1496; x_wconf 79' lang='lat' dir='ltr'>peto</span> <span class='ocrx_word' id='word_1_54' title='bbox 719 1415 752 1477; x_wconf 91' lang='lat' dir='ltr'>in</span> <span class='ocrx_word' id='word_1_55' title='bbox 778 1415 935 1478; x_wconf 63' lang='lat' dir='ltr'>mitiorem</span> <span class='ocrx_word' id='word_1_56' title='bbox 961 1416 1096 1478; x_wconf 90' lang='lat' dir='ltr'>modum</span> <span class='ocrx_word' id='word_1_57' title='bbox 1121 1423 1181 1496; x_wconf 77' lang='lat' dir='ltr'>pro</span> <span class='ocrx_word' id='word_1_58' title='bbox 1205 1416 1319 1479; x_wconf 66' lang='lat' dir='ltr'>nostre</span> 
     </span>
     <span class='ocr_line' id='line_1_10' title="bbox 271 1527 1319 1609; baseline 0 -17"><span class='ocrx_word' id='word_1_59' title='bbox 271 1529 413 1592; x_wconf 68' lang='lat' dir='ltr'>amicitie</span> <span class='ocrx_word' id='word_1_60' title='bbox 438 1538 472 1590; x_wconf 88' lang='lat' dir='ltr'>et</span> <span class='ocrx_word' id='word_1_61' title='bbox 496 1536 556 1609; x_wconf 81' lang='lat' dir='ltr'>pro</span> <span class='ocrx_word' id='word_1_62' title='bbox 580 1535 638 1590; x_wconf 78' lang='lat' dir='ltr'>tuo</span> <span class='ocrx_word' id='word_1_63' title='bbox 665 1535 829 1609; x_wconf 81' lang='lat' dir='ltr'>perpetuo</span> <span class='ocrx_word' id='word_1_64' title='bbox 855 1527 888 1590; x_wconf 91' lang='lat' dir='ltr'>in</span> <span class='ocrx_word' id='word_1_65' title='bbox 916 1535 969 1590; x_wconf 79' lang='lat' dir='ltr'>me</span> <span class='ocrx_word' id='word_1_66' title='bbox 996 1529 1107 1592; x_wconf 80' lang='lat' dir='ltr'>studio</span> <span class='ocrx_word' id='word_1_67' title='bbox 1133 1538 1170 1591; x_wconf 94' lang='lat' dir='ltr'>ut</span> <span class='ocrx_word' id='word_1_68' title='bbox 1196 1528 1229 1591; x_wconf 90' lang='lat' dir='ltr'>in</span> <span class='ocrx_word' id='word_1_69' title='bbox 1256 1529 1319 1592; x_wconf 69' lang='lat' dir='ltr'>hic</span> 
     </span>
     <span class='ocr_line' id='line_1_11' title="bbox 270 1639 1320 1725; baseline -0.001 -21"><span class='ocrx_word' id='word_1_70' title='bbox 270 1649 306 1704; x_wconf 80' lang='lat' dir='ltr'>re</span> <span class='ocrx_word' id='word_1_71' title='bbox 327 1641 426 1704; x_wconf 85' lang='lat' dir='ltr'>etiam</span> <span class='ocrx_word' id='word_1_72' title='bbox 448 1640 605 1706; x_wconf 73' lang='lat' dir='ltr'>elabores.</span> <span class='ocrx_word' id='word_1_73' title='bbox 657 1639 848 1725; x_wconf 73' lang='lat' dir='ltr'>Dionysius,</span> <span class='ocrx_word' id='word_1_74' title='bbox 872 1660 986 1703; x_wconf 90' lang='lat' dir='ltr'>servus</span> <span class='ocrx_word' id='word_1_75' title='bbox 1009 1661 1111 1717; x_wconf 68' lang='lat' dir='ltr'>meus</span> <span class='ocrx_word' id='word_1_76' title='bbox 1135 1651 1191 1723; x_wconf 77' lang='lat' dir='ltr'>qui</span> <span class='ocrx_word' id='word_1_77' title='bbox 1211 1661 1320 1704; x_wconf 85' lang='lat' dir='ltr'>meam</span> 
     </span>
     <span class='ocr_line' id='line_1_12' title="bbox 270 1753 1321 1828; baseline -0.001 -11"><span class='ocrx_word' id='word_1_78' title='bbox 270 1754 493 1818; x_wconf 80' lang='lat' dir='ltr'>bibliothecen</span> <span class='ocrx_word' id='word_1_79' title='bbox 514 1753 692 1815; x_wconf 80' lang='lat' dir='ltr'>multorum</span> <span class='ocrx_word' id='word_1_80' title='bbox 715 1761 926 1815; x_wconf 77' lang='lat' dir='ltr'>nummorum</span> <span class='ocrx_word' id='word_1_81' title='bbox 951 1753 1112 1828; x_wconf 59' lang='lat' dir='ltr'>tractavit,</span> <span class='ocrx_word' id='word_1_82' title='bbox 1138 1774 1214 1816; x_wconf 93' lang='lat' dir='ltr'>cum</span> <span class='ocrx_word' id='word_1_83' title='bbox 1241 1755 1321 1816; x_wconf 91' lang='lat' dir='ltr'>mul-</span> 
     </span>
    </p>

    <p class='ocr_par' dir='ltr' id='par_1_6' title="bbox 232 1865 1318 1948">
     <span class='ocr_line' id='line_1_13' title="bbox 232 1865 1318 1948; baseline -0.004 -16"><span class='ocrx_word' id='word_1_84' title='bbox 232 1888 246 1934; x_wconf 85' lang='lat'><strong>5</strong></span> <span class='ocrx_word' id='word_1_85' title='bbox 270 1877 322 1931; x_wconf 77' lang='lat' dir='ltr'>tos</span> <span class='ocrx_word' id='word_1_86' title='bbox 343 1867 443 1930; x_wconf 79' lang='lat' dir='ltr'>libros</span> <span class='ocrx_word' id='word_1_87' title='bbox 466 1865 683 1948; x_wconf 87' lang='lat' dir='ltr'>subripuisset</span> <span class='ocrx_word' id='word_1_88' title='bbox 704 1886 766 1929; x_wconf 91' lang='lat' dir='ltr'>nec</span> <span class='ocrx_word' id='word_1_89' title='bbox 790 1874 825 1928; x_wconf 81' lang='lat' dir='ltr'>se</span> <span class='ocrx_word' id='word_1_90' title='bbox 848 1866 984 1948; x_wconf 81' lang='lat' dir='ltr'>impune</span> <span class='ocrx_word' id='word_1_91' title='bbox 1009 1867 1151 1929; x_wconf 57' lang='lat' dir='ltr'>laturum</span> <span class='ocrx_word' id='word_1_92' title='bbox 1177 1874 1318 1948; x_wconf 57' lang='lat' dir='ltr'>putaret,</span> 
     </span>
    </p>

    <p class='ocr_par' dir='ltr' id='par_1_7' title="bbox 271 1979 1318 2062">
     <span class='ocr_line' id='line_1_14' title="bbox 271 1979 1318 2062; baseline -0.002 -19"><span class='ocrx_word' id='word_1_93' title='bbox 271 1981 410 2062; x_wconf 80' lang='lat' dir='ltr'>aufugit.</span> <span class='ocrx_word' id='word_1_94' title='bbox 460 1981 493 2042; x_wconf 92' lang='lat' dir='ltr'>Is</span> <span class='ocrx_word' id='word_1_95' title='bbox 517 1988 568 2042; x_wconf 90' lang='lat' dir='ltr'>est</span> <span class='ocrx_word' id='word_1_96' title='bbox 591 1979 624 2041; x_wconf 91' lang='lat' dir='ltr'>in</span> <span class='ocrx_word' id='word_1_97' title='bbox 647 1979 816 2061; x_wconf 70' lang='lat' dir='ltr'>provincie</span> <span class='ocrx_word' id='word_1_98' title='bbox 839 1986 912 2056; x_wconf 66' lang='lat' dir='ltr'>tuae&#39;13</span> <span class='ocrx_word' id='word_1_99' title='bbox 938 2000 1014 2042; x_wconf 90' lang='lat' dir='ltr'>eum</span> <span class='ocrx_word' id='word_1_100' title='bbox 1036 1989 1069 2042; x_wconf 83' lang='lat' dir='ltr'>et</span> <span class='ocrx_word' id='word_1_101' title='bbox 1092 1981 1137 2041; x_wconf 90' lang='lat' dir='ltr'>M.</span> <span class='ocrx_word' id='word_1_102' title='bbox 1163 1980 1318 2055; x_wconf 60' lang='lat' dir='ltr'>Bolanus,</span> 
     </span>
    </p>

    <p class='ocr_par' dir='ltr' id='par_1_8' title="bbox 178 2092 1319 2171">
     <span class='ocr_line' id='line_1_15' title="bbox 178 2092 1319 2171; baseline -0.003 -14"><span class='ocrx_word' id='word_1_103' title='bbox 178 2131 183 2140; x_wconf 93' lang='lat'>·</span> <span class='ocrx_word' id='word_1_104' title='bbox 271 2115 366 2157; x_wconf 90' lang='lat' dir='ltr'>meus</span> <span class='ocrx_word' id='word_1_105' title='bbox 382 2095 562 2171; x_wconf 59' lang='lat' dir='ltr'>familiaris</span> <span class='ocrx_word' id='word_1_106' title='bbox 581 2104 614 2158; x_wconf 88' lang='lat' dir='ltr'>et</span> <span class='ocrx_word' id='word_1_107' title='bbox 630 2095 725 2157; x_wconf 80' lang='lat' dir='ltr'>multi</span> <span class='ocrx_word' id='word_1_108' title='bbox 740 2095 795 2156; x_wconf 81' lang='lat' dir='ltr'>alii</span> <span class='ocrx_word' id='word_1_109' title='bbox 812 2096 968 2157; x_wconf 73' lang='lat' dir='ltr'>Narbnae</span> <span class='ocrx_word' id='word_1_110' title='bbox 984 2095 1146 2169; x_wconf 75' lang='lat' dir='ltr'>viderunt,</span> <span class='ocrx_word' id='word_1_111' title='bbox 1165 2092 1224 2155; x_wconf 87' lang='lat' dir='ltr'>sed</span> <span class='ocrx_word' id='word_1_112' title='bbox 1243 2113 1319 2154; x_wconf 89' lang='lat' dir='ltr'>eum</span> 
     </span>
    </p>

    <p class='ocr_par' dir='ltr' id='par_1_9' title="bbox 272 2205 1320 2280">
     <span class='ocr_line' id='line_1_16' title="bbox 272 2205 1320 2280; baseline -0.002 -10"><span class='ocrx_word' id='word_1_113' title='bbox 272 2216 308 2270; x_wconf 77' lang='lat' dir='ltr'>se</span> <span class='ocrx_word' id='word_1_114' title='bbox 328 2215 347 2270; x_wconf 74' lang='grc' dir='ltr'>ἐι</span> <span class='ocrx_word' id='word_1_115' title='bbox 369 2215 422 2270; x_wconf 78' lang='lat' dir='ltr'>me</span> <span class='ocrx_word' id='word_1_116' title='bbox 443 2207 683 2270; x_wconf 81' lang='lat' dir='ltr'>manumissum</span> <span class='ocrx_word' id='word_1_117' title='bbox 702 2228 776 2270; x_wconf 91' lang='lat' dir='ltr'>esse</span> <span class='ocrx_word' id='word_1_118' title='bbox 796 2208 927 2280; x_wconf 82' lang='lat' dir='ltr'>diceret,</span> <span class='ocrx_word' id='word_1_119' title='bbox 949 2207 1167 2270; x_wconf 79' lang='lat' dir='ltr'>crediderunt.</span> <span class='ocrx_word' id='word_1_120' title='bbox 1217 2205 1320 2268; x_wconf 90' lang='lat' dir='ltr'>Hunc</span> 
     </span>
    </p>

    <p class='ocr_par' dir='ltr' id='par_1_10' title="bbox 271 2318 1319 2402">
     <span class='ocr_line' id='line_1_17' title="bbox 271 2318 1319 2402; baseline -0.004 -18"><span class='ocrx_word' id='word_1_121' title='bbox 271 2329 307 2384; x_wconf 79' lang='lat' dir='ltr'>tu</span> <span class='ocrx_word' id='word_1_122' title='bbox 320 2331 349 2384; x_wconf 77' lang='lat' dir='ltr'>si</span> <span class='ocrx_word' id='word_1_123' title='bbox 361 2321 441 2383; x_wconf 89' lang='lat' dir='ltr'>mihi</span> <span class='ocrx_word' id='word_1_124' title='bbox 452 2320 695 2384; x_wconf 90' lang='lat' dir='ltr'>restituendum</span> <span class='ocrx_word' id='word_1_125' title='bbox 708 2321 841 2396; x_wconf 71' lang='lat' dir='ltr'>cureris,</span> <span class='ocrx_word' id='word_1_126' title='bbox 856 2329 922 2382; x_wconf 81' lang='lat' dir='ltr'>non</span> <span class='ocrx_word' id='word_1_127' title='bbox 939 2340 1075 2402; x_wconf 89' lang='lat' dir='ltr'>possum</span> <span class='ocrx_word' id='word_1_128' title='bbox 1092 2318 1202 2382; x_wconf 82' lang='lat' dir='ltr'>dicere</span> <span class='ocrx_word' id='word_1_129' title='bbox 1219 2339 1319 2400; x_wconf 87' lang='lat' dir='ltr'>quam</span> 
     </span>
    </p>

    <p class='ocr_par' dir='ltr' id='par_1_11' title="bbox 220 2430 1322 2518">
     <span class='ocr_line' id='line_1_18' title="bbox 220 2430 1322 2518; baseline -0.005 -21"><span class='ocrx_word' id='word_1_130' title='bbox 220 2465 248 2497; x_wconf 93' lang='lat'>10</span> <span class='ocrx_word' id='word_1_131' title='bbox 271 2434 352 2496; x_wconf 90' lang='lat' dir='ltr'>mihi</span> <span class='ocrx_word' id='word_1_132' title='bbox 376 2441 507 2514; x_wconf 55' lang='lat' dir='ltr'>gratum</span> <span class='ocrx_word' id='word_1_133' title='bbox 531 2433 681 2518; x_wconf 66' lang='lat' dir='ltr'>futurum</span> <span class='ocrx_word' id='word_1_134' title='bbox 705 2432 755 2496; x_wconf 88' lang='lat' dir='ltr'>sit.</span> <span class='ocrx_word' id='word_1_135' title='bbox 808 2434 876 2495; x_wconf 78' lang='lat' dir='ltr'>Res</span> <span class='ocrx_word' id='word_1_136' title='bbox 899 2431 972 2514; x_wconf 85' lang='lat' dir='ltr'>ipsa</span> <span class='ocrx_word' id='word_1_137' title='bbox 997 2453 1108 2514; x_wconf 84' lang='lat' dir='ltr'>parva,</span> <span class='ocrx_word' id='word_1_138' title='bbox 1132 2431 1191 2494; x_wconf 91' lang='lat' dir='ltr'>sed</span> <span class='ocrx_word' id='word_1_139' title='bbox 1218 2430 1322 2493; x_wconf 79' lang='lat' dir='ltr'>animi</span> 
     </span>
    </p>

    <p class='ocr_par' dir='ltr' id='par_1_12' title="bbox 271 2542 1319 2627">
     <span class='ocr_line' id='line_1_19' title="bbox 271 2542 1319 2627; baseline -0.003 -19"><span class='ocrx_word' id='word_1_140' title='bbox 271 2556 337 2609; x_wconf 78' lang='lat' dir='ltr'>mei</span> <span class='ocrx_word' id='word_1_141' title='bbox 362 2545 456 2608; x_wconf 89' lang='lat' dir='ltr'>dolor</span> <span class='ocrx_word' id='word_1_142' title='bbox 482 2553 630 2626; x_wconf 67' lang='lat' dir='ltr'>maignus</span> <span class='ocrx_word' id='word_1_143' title='bbox 651 2556 710 2609; x_wconf 91' lang='lat' dir='ltr'>est.</span> <span class='ocrx_word' id='word_1_144' title='bbox 770 2545 839 2610; x_wconf 92' lang='lat' dir='ltr'>Ubi</span> <span class='ocrx_word' id='word_1_145' title='bbox 866 2545 907 2608; x_wconf 90' lang='lat' dir='ltr'>sit</span> <span class='ocrx_word' id='word_1_146' title='bbox 933 2555 967 2608; x_wconf 88' lang='lat' dir='ltr'>et</span> <span class='ocrx_word' id='word_1_147' title='bbox 994 2544 1072 2627; x_wconf 92' lang='lat' dir='ltr'>quid</span> <span class='ocrx_word' id='word_1_148' title='bbox 1103 2545 1175 2606; x_wconf 85' lang='lat' dir='ltr'>fieri</span> <span class='ocrx_word' id='word_1_149' title='bbox 1204 2542 1319 2625; x_wconf 83' lang='lat' dir='ltr'>possit,</span> 
     </span>
    </p>

    <p class='ocr_par' dir='ltr' id='par_1_13' title="bbox 272 2655 1318 2834">
     <span class='ocr_line' id='line_1_20' title="bbox 273 2655 1318 2739; baseline -0.005 -18"><span class='ocrx_word' id='word_1_150' title='bbox 273 2659 418 2721; x_wconf 58' lang='lat' dir='ltr'>Bolanus</span> <span class='ocrx_word' id='word_1_151' title='bbox 434 2666 468 2722; x_wconf 77' lang='lat' dir='ltr'>te</span> <span class='ocrx_word' id='word_1_152' title='bbox 483 2657 623 2721; x_wconf 76' lang='lat' dir='ltr'>docebit.</span> <span class='ocrx_word' id='word_1_153' title='bbox 671 2659 744 2739; x_wconf 87' lang='lat' dir='ltr'>Ego</span> <span class='ocrx_word' id='word_1_154' title='bbox 765 2667 793 2720; x_wconf 79' lang='lat' dir='ltr'>si</span> <span class='ocrx_word' id='word_1_155' title='bbox 813 2658 982 2721; x_wconf 89' lang='lat' dir='ltr'>hominem</span> <span class='ocrx_word' id='word_1_156' title='bbox 998 2664 1106 2739; x_wconf 80' lang='lat' dir='ltr'>perte</span> <span class='ocrx_word' id='word_1_157' title='bbox 1122 2655 1318 2736; x_wconf 59' lang='lat' dir='ltr'>reciperare,</span> 
     </span>
     <span class='ocr_line' id='line_1_21' title="bbox 272 2770 1124 2834; baseline 0 -2"><span class='ocrx_word' id='word_1_158' title='bbox 272 2779 401 2834; x_wconf 76' lang='lat' dir='ltr'>summo</span> <span class='ocrx_word' id='word_1_159' title='bbox 417 2779 470 2834; x_wconf 77' lang='lat' dir='ltr'>me</span> <span class='ocrx_word' id='word_1_160' title='bbox 486 2779 505 2834; x_wconf 72' lang='lat' dir='ltr'>e</span> <span class='ocrx_word' id='word_1_161' title='bbox 520 2779 554 2834; x_wconf 79' lang='lat' dir='ltr'>te</span> <span class='ocrx_word' id='word_1_162' title='bbox 569 2770 731 2834; x_wconf 79' lang='lat' dir='ltr'>beneficio</span> <span class='ocrx_word' id='word_1_163' title='bbox 747 2771 918 2834; x_wconf 86' lang='lat' dir='ltr'>adfectum</span> <span class='ocrx_word' id='word_1_164' title='bbox 934 2770 1124 2833; x_wconf 57' lang='lat' dir='ltr'>arbitrabor.</span> 
     </span>
    </p>
   </div>
   <div class='ocr_carea' id='block_1_5' title="bbox 270 2946 1325 3760">
    <p class='ocr_par' dir='ltr' id='par_1_14' title="bbox 270 2946 1324 3512">
     <span class='ocr_line' id='line_1_22' title="bbox 270 2946 1320 3014; baseline -0.005 -15"><span class='ocrx_word' id='word_1_165' title='bbox 270 2947 380 3008; x_wconf 78' lang='lat' dir='ltr'>faciam,</span> <span class='ocrx_word' id='word_1_166' title='bbox 393 2950 431 2999; x_wconf 84' lang='lat' dir='ltr'>ie.</span> <span class='ocrx_word' id='word_1_167' title='bbox 444 2950 504 2998; x_wconf 87' lang='lat' dir='ltr'>take</span> <span class='ocrx_word' id='word_1_168' title='bbox 516 2957 571 3014; x_wconf 87' lang='lat' dir='ltr'>part</span> <span class='ocrx_word' id='word_1_169' title='bbox 583 2951 609 2998; x_wconf 90' lang='lat' dir='ltr'>in</span> <span class='ocrx_word' id='word_1_170' title='bbox 622 2951 664 3000; x_wconf 92' lang='lat' dir='ltr'>the</span> <span class='ocrx_word' id='word_1_171' title='bbox 677 2950 783 3000; x_wconf 87' lang='lat' dir='ltr'>deliber·</span> <span class='ocrx_word' id='word_1_172' title='bbox 810 2951 852 2999; x_wconf 83' lang='lat' dir='ltr'>the</span> <span class='ocrx_word' id='word_1_173' title='bbox 866 2950 950 3014; x_wconf 87' lang='lat' dir='ltr'>prefix.</span> <span class='ocrx_word' id='word_1_174' title='bbox 983 2964 1007 3010; x_wconf 92' lang='lat'>4.</span> <span class='ocrx_word' id='word_1_175' title='bbox 1027 2947 1216 3006; x_wconf 79' lang='lat' dir='ltr'>bibliothecen,</span> <span class='ocrx_word' id='word_1_176' title='bbox 1235 2946 1320 2995; x_wconf 85' lang='lat' dir='ltr'>Greek</span> 
     </span>
     <span class='ocr_line' id='line_1_23' title="bbox 271 3030 1321 3099; baseline -0.004 -17"><span class='ocrx_word' id='word_1_177' title='bbox 271 3033 352 3082; x_wconf 85' lang='lat' dir='ltr'>ations</span> <span class='ocrx_word' id='word_1_178' title='bbox 367 3033 395 3080; x_wconf 86' lang='lat' dir='ltr'>of</span> <span class='ocrx_word' id='word_1_179' title='bbox 407 3033 449 3080; x_wconf 90' lang='lat' dir='ltr'>the</span> <span class='ocrx_word' id='word_1_180' title='bbox 463 3041 557 3082; x_wconf 83' lang='lat' dir='ltr'>senate.</span> <span class='ocrx_word' id='word_1_181' title='bbox 602 3047 642 3096; x_wconf 85' lang='lat'>32.</span> <span class='ocrx_word' id='word_1_182' title='bbox 660 3033 784 3099; x_wconf 82' lang='lat' dir='ltr'>ingrave-</span> <span class='ocrx_word' id='word_1_183' title='bbox 809 3034 880 3092; x_wconf 86' lang='lat' dir='ltr'>form,</span> <span class='ocrx_word' id='word_1_184' title='bbox 897 3054 920 3076; x_wconf 92' lang='lat'><strong><em>=</em></strong></span> <span class='ocrx_word' id='word_1_185' title='bbox 936 3033 1110 3081; x_wconf 81' lang='lat' dir='ltr'>bibliothecam.</span> <span class='ocrx_word' id='word_1_186' title='bbox 1127 3059 1160 3066; x_wconf 91' lang='lat'><strong>—</strong></span> <span class='ocrx_word' id='word_1_187' title='bbox 1174 3030 1321 3080; x_wconf 82' lang='lat' dir='ltr'>multorum</span> 
     </span>
     <span class='ocr_line' id='line_1_24' title="bbox 271 3114 1319 3179; baseline -0.006 -13"><span class='ocrx_word' id='word_1_188' title='bbox 271 3115 331 3174; x_wconf 81' lang='lat' dir='ltr'>scit,</span> <span class='ocrx_word' id='word_1_189' title='bbox 344 3132 427 3179; x_wconf 82' lang='lat' dir='ltr'><em>grows</em></span> <span class='ocrx_word' id='word_1_190' title='bbox 441 3132 509 3164; x_wconf 83' lang='lat' dir='ltr'>more</span> <span class='ocrx_word' id='word_1_191' title='bbox 524 3124 628 3164; x_wconf 81' lang='lat' dir='ltr'>earnesl.</span> <span class='ocrx_word' id='word_1_192' title='bbox 639 3117 783 3167; x_wconf 78' lang='lat' dir='ltr'>—aetatis</span> <span class='ocrx_word' id='word_1_193' title='bbox 809 3128 986 3173; x_wconf 86' lang='lat' dir='ltr'>nummorum,</span> <span class='ocrx_word' id='word_1_194' title='bbox 1000 3135 1024 3156; x_wconf 93' lang='lat'><strong><em>=</em></strong></span> <span class='ocrx_word' id='word_1_195' title='bbox 1037 3115 1127 3177; x_wconf 72' lang='lat' dir='ltr'><em>magni</em></span> <span class='ocrx_word' id='word_1_196' title='bbox 1137 3114 1214 3176; x_wconf 79' lang='lat' dir='ltr'>preli,</span> <span class='ocrx_word' id='word_1_197' title='bbox 1225 3114 1319 3176; x_wconf 81' lang='lat' dir='ltr'>prelio·</span> 
     </span>
     <span class='ocr_line' id='line_1_25' title="bbox 273 3196 1318 3263; baseline -0.007 -15"><span class='ocrx_word' id='word_1_198' title='bbox 273 3198 507 3263; x_wconf 60' lang='lat' dir='ltr'>...prudentiam</span> <span class='ocrx_word' id='word_1_199' title='bbox 517 3201 616 3248; x_wconf 83' lang='lat' dir='ltr'>because</span> <span class='ocrx_word' id='word_1_200' title='bbox 629 3202 646 3248; x_wconf 83' lang='lat' dir='ltr'><em>J</em></span> <span class='ocrx_word' id='word_1_201' title='bbox 653 3201 716 3249; x_wconf 79' lang='lat' dir='ltr'>have</span> <span class='ocrx_word' id='word_1_202' title='bbox 728 3217 783 3248; x_wconf 86' lang='lat' dir='ltr'>now</span> <span class='ocrx_word' id='word_1_203' title='bbox 808 3215 869 3247; x_wconf 87' lang='lat' dir='ltr'>sam.</span> <span class='ocrx_word' id='word_1_204' title='bbox 887 3225 919 3233; x_wconf 94' lang='lat'><em>-</em></span> <span class='ocrx_word' id='word_1_205' title='bbox 935 3196 1074 3255; x_wconf 77' lang='lat' dir='ltr'>tractavit,</span> <span class='ocrx_word' id='word_1_206' title='bbox 1098 3197 1152 3244; x_wconf 76' lang='lat' dir='ltr'>had</span> <span class='ocrx_word' id='word_1_207' title='bbox 1174 3197 1260 3259; x_wconf 80' lang='lat' dir='ltr'><em>charge</em></span> <span class='ocrx_word' id='word_1_208' title='bbox 1285 3196 1318 3260; x_wconf 86' lang='lat' dir='ltr'>of.</span> 
     </span>
     <span class='ocr_line' id='line_1_26' title="bbox 271 3279 1320 3349; baseline -0.004 -20"><span class='ocrx_word' id='word_1_209' title='bbox 271 3289 370 3330; x_wconf 79' lang='lat' dir='ltr'>comete</span> <span class='ocrx_word' id='word_1_210' title='bbox 381 3283 419 3330; x_wconf 78' lang='lat' dir='ltr'>lhe</span> <span class='ocrx_word' id='word_1_211' title='bbox 431 3299 474 3347; x_wconf 82' lang='lat' dir='ltr'>age</span> <span class='ocrx_word' id='word_1_212' title='bbox 490 3285 521 3348; x_wconf 85' lang='lat' dir='ltr'>os</span> <span class='ocrx_word' id='word_1_213' title='bbox 525 3284 583 3349; x_wconf 84' lang='lat' dir='ltr'><em>full</em></span> <span class='ocrx_word' id='word_1_214' title='bbox 596 3285 693 3332; x_wconf 81' lang='lat' dir='ltr'>mental</span> <span class='ocrx_word' id='word_1_215' title='bbox 701 3285 779 3349; x_wconf 56' lang='lat' dir='ltr'>otger.</span> <span class='ocrx_word' id='word_1_216' title='bbox 809 3284 832 3332; x_wconf 83' lang='lat'>6.</span> <span class='ocrx_word' id='word_1_217' title='bbox 852 3281 990 3346; x_wconf 83' lang='lat' dir='ltr'>provincia</span> <span class='ocrx_word' id='word_1_218' title='bbox 1006 3282 1069 3331; x_wconf 75' lang='lat' dir='ltr'>tua:</span> <span class='ocrx_word' id='word_1_219' title='bbox 1090 3281 1132 3329; x_wconf 87' lang='lat' dir='ltr'>the</span> <span class='ocrx_word' id='word_1_220' title='bbox 1149 3279 1223 3328; x_wconf 87' lang='lat' dir='ltr'>letter</span> <span class='ocrx_word' id='word_1_221' title='bbox 1238 3279 1258 3326; x_wconf 93' lang='lat' dir='ltr'>is</span> <span class='ocrx_word' id='word_1_222' title='bbox 1276 3279 1320 3326; x_wconf 83' lang='lat' dir='ltr'>ad-</span> 
     </span>
     <span class='ocr_line' id='line_1_27' title="bbox 272 3362 1321 3429; baseline -0.006 -15"><span class='ocrx_word' id='word_1_223' title='bbox 272 3377 311 3428; x_wconf 83' lang='lat'>35.</span> <span class='ocrx_word' id='word_1_224' title='bbox 334 3365 433 3422; x_wconf 77' lang='lat' dir='ltr'>noctes,</span> <span class='ocrx_word' id='word_1_225' title='bbox 454 3367 493 3414; x_wconf 76' lang='lat' dir='ltr'>ie.</span> <span class='ocrx_word' id='word_1_226' title='bbox 515 3367 622 3415; x_wconf 83' lang='lat' dir='ltr'>because</span> <span class='ocrx_word' id='word_1_227' title='bbox 643 3367 701 3429; x_wconf 90' lang='lat' dir='ltr'>they</span> <span class='ocrx_word' id='word_1_228' title='bbox 718 3383 783 3415; x_wconf 89' lang='lat' dir='ltr'>were</span> <span class='ocrx_word' id='word_1_229' title='bbox 810 3367 910 3414; x_wconf 87' lang='lat' dir='ltr'>dressed</span> <span class='ocrx_word' id='word_1_230' title='bbox 928 3373 954 3414; x_wconf 93' lang='lat' dir='ltr'>to</span> <span class='ocrx_word' id='word_1_231' title='bbox 974 3365 1017 3413; x_wconf 89' lang='lat' dir='ltr'>tbe</span> <span class='ocrx_word' id='word_1_232' title='bbox 1039 3366 1137 3413; x_wconf 88' lang='lat' dir='ltr'>Roman</span> <span class='ocrx_word' id='word_1_233' title='bbox 1159 3362 1321 3412; x_wconf 76' lang='lat' dir='ltr'>commender</span> 
     </span>
     <span class='ocr_line' id='line_1_28' title="bbox 271 3443 1324 3512; baseline -0.003 -18"><span class='ocrx_word' id='word_1_234' title='bbox 271 3447 384 3509; x_wconf 86' lang='lat' dir='ltr'>growing</span> <span class='ocrx_word' id='word_1_235' title='bbox 401 3448 494 3510; x_wconf 88' lang='lat' dir='ltr'>longer.</span> <span class='ocrx_word' id='word_1_236' title='bbox 809 3451 835 3498; x_wconf 89' lang='lat' dir='ltr'>in</span> <span class='ocrx_word' id='word_1_237' title='bbox 847 3450 979 3512; x_wconf 89' lang='lat' dir='ltr'>Illyricum.</span> <span class='ocrx_word' id='word_1_238' title='bbox 1018 3461 1038 3512; x_wconf 90' lang='lat'>7.</span> <span class='ocrx_word' id='word_1_239' title='bbox 1057 3449 1188 3504; x_wconf 83' lang='lat' dir='ltr'>Naronae,</span> <span class='ocrx_word' id='word_1_240' title='bbox 1203 3462 1218 3494; x_wconf 84' lang='lat' dir='ltr'>a</span> <span class='ocrx_word' id='word_1_241' title='bbox 1233 3445 1282 3507; x_wconf 89' lang='lat' dir='ltr'>city</span> <span class='ocrx_word' id='word_1_242' title='bbox 1294 3443 1324 3492; x_wconf 85' lang='lat' dir='ltr'>of</span> 
     </span>
    </p>

    <p class='ocr_par' dir='ltr' id='par_1_15' title="bbox 272 3526 1325 3760">
     <span class='ocr_line' id='line_1_29' title="bbox 315 3526 1325 3590; baseline -0.003 -13"><span class='ocrx_word' id='word_1_243' title='bbox 315 3530 411 3578; x_wconf 91' lang='lat' dir='ltr'>XXXI.</span> <span class='ocrx_word' id='word_1_244' title='bbox 443 3545 463 3578; x_wconf 90' lang='lat'>1.</span> <span class='ocrx_word' id='word_1_245' title='bbox 481 3529 510 3580; x_wconf 90' lang='lat' dir='ltr'>in</span> <span class='ocrx_word' id='word_1_246' title='bbox 524 3531 655 3583; x_wconf 83' lang='lat' dir='ltr'>maiorem</span> <span class='ocrx_word' id='word_1_247' title='bbox 666 3532 782 3590; x_wconf 83' lang='lat' dir='ltr'>modum,</span> <span class='ocrx_word' id='word_1_248' title='bbox 809 3532 944 3590; x_wconf 85' lang='lat' dir='ltr'>Dalmatia,</span> <span class='ocrx_word' id='word_1_249' title='bbox 965 3547 1013 3580; x_wconf 90' lang='lat' dir='ltr'>one</span> <span class='ocrx_word' id='word_1_250' title='bbox 1037 3531 1065 3578; x_wconf 85' lang='lat' dir='ltr'>of</span> <span class='ocrx_word' id='word_1_251' title='bbox 1087 3531 1129 3578; x_wconf 88' lang='lat' dir='ltr'>the</span> <span class='ocrx_word' id='word_1_252' title='bbox 1154 3529 1273 3578; x_wconf 90' lang='lat' dir='ltr'>divisions</span> <span class='ocrx_word' id='word_1_253' title='bbox 1295 3526 1325 3574; x_wconf 79' lang='lat' dir='ltr'>of</span> 
     </span>
     <span class='ocr_line' id='line_1_30' title="bbox 272 3611 1320 3677; baseline -0.003 -17"><span class='ocrx_word' id='word_1_254' title='bbox 272 3613 471 3675; x_wconf 80' lang='lat' dir='ltr'>veryearnestly.</span> <span class='ocrx_word' id='word_1_255' title='bbox 501 3627 523 3675; x_wconf 84' lang='lat'>3.</span> <span class='ocrx_word' id='word_1_256' title='bbox 536 3613 664 3672; x_wconf 81' lang='lat' dir='ltr'>elabores,</span> <span class='ocrx_word' id='word_1_257' title='bbox 677 3613 707 3662; x_wconf 87' lang='lat' dir='ltr'>do</span> <span class='ocrx_word' id='word_1_258' title='bbox 713 3630 783 3677; x_wconf 86' lang='lat' dir='ltr'>your</span> <span class='ocrx_word' id='word_1_259' title='bbox 809 3615 941 3677; x_wconf 88' lang='lat' dir='ltr'>Illyricum.</span> <span class='ocrx_word' id='word_1_260' title='bbox 971 3627 1006 3662; x_wconf 90' lang='lat'>12.</span> <span class='ocrx_word' id='word_1_261' title='bbox 1020 3611 1165 3670; x_wconf 85' lang='lat' dir='ltr'>hominem,</span> <span class='ocrx_word' id='word_1_262' title='bbox 1175 3611 1213 3659; x_wconf 75' lang='lat' dir='ltr'>tlte</span> <span class='ocrx_word' id='word_1_263' title='bbox 1217 3611 1320 3676; x_wconf 83' lang='lat' dir='ltr'>sellow‚·</span> 
     </span>
     <span class='ocr_line' id='line_1_31' title="bbox 272 3694 1226 3760; baseline -0.001 -18"><span class='ocrx_word' id='word_1_264' title='bbox 272 3694 320 3742; x_wconf 81' lang='lat' dir='ltr'>best</span> <span class='ocrx_word' id='word_1_265' title='bbox 328 3702 351 3742; x_wconf 86' lang='lat' dir='ltr'>to</span> <span class='ocrx_word' id='word_1_266' title='bbox 363 3696 436 3743; x_wconf 84' lang='lat' dir='ltr'>assist</span> <span class='ocrx_word' id='word_1_267' title='bbox 445 3711 501 3752; x_wconf 86' lang='lat' dir='ltr'>me,·</span> <span class='ocrx_word' id='word_1_268' title='bbox 521 3696 604 3744; x_wconf 90' lang='lat' dir='ltr'>notice</span> <span class='ocrx_word' id='word_1_269' title='bbox 618 3697 661 3744; x_wconf 88' lang='lat' dir='ltr'>the</span> <span class='ocrx_word' id='word_1_270' title='bbox 676 3697 743 3746; x_wconf 87' lang='lat' dir='ltr'>soree</span> <span class='ocrx_word' id='word_1_271' title='bbox 757 3697 786 3746; x_wconf 87' lang='lat' dir='ltr'>of</span> <span class='ocrx_word' id='word_1_272' title='bbox 809 3699 870 3746; x_wconf 89' lang='lat' dir='ltr'>used</span> <span class='ocrx_word' id='word_1_273' title='bbox 883 3695 1098 3760; x_wconf 87' lang='lat' dir='ltr'>contemptuously</span> <span class='ocrx_word' id='word_1_274' title='bbox 1110 3695 1148 3742; x_wconf 86' lang='lat' dir='ltr'>for</span> <span class='ocrx_word' id='word_1_275' title='bbox 1161 3710 1226 3742; x_wconf 85' lang='lat' dir='ltr'>eum.</span> 
     </span>
    </p>
   </div>
   <div class='ocr_carea' id='block_1_6' title="bbox 0 0 1501 4160">
    <p class='ocr_par' dir='ltr' id='par_1_16' title="bbox 0 0 1501 4160">
     <span class='ocr_line' id='line_1_32' title="bbox 0 0 1501 4160; baseline 0 0"><span class='ocrx_word' id='word_1_276' title='bbox 0 0 1501 4160; x_wconf 95' lang='lat' dir='ltr'> </span> 
     </span>
    </p>
   </div>
  </div>
 </body>
</html>
