2988 4160
436 268 510 316 raa
533 269 676 318 pannon
698 268 744 317 or
766 269 984 320 mancerias.
1192 261 1232 338 65

185 449 284 524 taque
308 441 641 504 honerificentissime
666 451 699 504 et
725 441 892 524 aequitate
917 448 974 505 tua
998 451 1032 506 et
1058 443 1235 525 pradentia

185 564 322 636 repente
344 563 477 636 praeter
496 573 591 636 spem
612 554 693 617 dixit
714 561 750 616 se
771 561 902 617 senatui
925 565 1058 636 roganti
1081 555 1123 618 de
1149 556 1235 619 Mar-

184 667 268 730 celle
294 673 337 729 ne
364 665 506 729 hominis
537 665 670 748 quidem
701 673 801 729 causa
832 674 1039 748 negatarum.
1095 668 1235 732 Fecerat
1260 696 1288 730 ιο

185 789 293 842 autem
319 779 381 842 hec
406 786 551 855 senatus,
576 788 613 842 ut
637 799 714 842 cum
741 786 760 841 a
789 779 825 842 L.
853 780 972 842 Pisene
999 780 1123 843 mentia
1146 792 1235 844 esset

185 893 275 955 facta
296 891 337 953 de
360 892 521 954 Marcelle
542 901 671 954 etcum
694 890 730 953 C.
756 892 935 955 Marcellus
956 899 992 955 se
1016 893 1058 956 ad
1082 893 1235 957 Caesaris

184 1005 287 1086 pedes
313 1003 496 1080 abiecisset,
521 1011 662 1067 cimctus
686 1012 903 1086 censurgeret
926 1013 960 1068 et
987 1005 1029 1067 ad
1056 1006 1234 1070 Caesarem

185 1117 325 1198 supplex
351 1116 532 1180 accederet.
585 1117 664 1206 Neli
690 1137 857 1198 quaerere.
910 1117 961 1180 Ita
987 1117 1069 1180 mihi
1095 1118 1237 1200 pulcher

185 1230 237 1292 hic
265 1229 334 1292 dies
361 1239 451 1292 visus
479 1238 530 1292 est
556 1238 593 1291 ut
619 1229 764 1311 speciem
796 1230 940 1312 aliquam
967 1230 1097 1294 viderer
1121 1231 1235 1316 videre
1260 1257 1287 1306 15

185 1341 280 1424 quasi
306 1341 534 1404 reviviscentis
564 1351 613 1404 rei
642 1341 803 1423 pablieae.
864 1343 981 1427 Itaque
1012 1363 1088 1406 cum
1118 1351 1235 1407 omnes

185 1463 262 1518 ante
285 1461 339 1516 me
362 1461 470 1536 rogati
492 1453 617 1535 gratias
641 1455 778 1517 Caesari
800 1455 947 1536 egissent
968 1466 1100 1537 praeter
1117 1457 1236 1520 Volca-

185 1566 366 1630 cium—is
389 1567 487 1644 enim,
513 1577 541 1629 si
563 1575 603 1629 ee
626 1565 698 1630 loce
723 1577 821 1642 esset,
846 1568 982 1649 negavit
1007 1576 1043 1632 se
1066 1569 1234 1632 factarum

185 1679 290 1742 fuisse
306 1713 359 1755 —‚
382 1699 446 1760 ego
469 1687 606 1761 rogatus
630 1687 757 1742 matavi
778 1700 899 1766 meum·
914 1681 1097 1745 cansilium.
1146 1683 1234 1745 Nam

185 1803 366 1856 statueram
383 1801 450 1855 nan
466 1793 656 1856 mehercule
672 1792 799 1870 inertia,
818 1793 877 1856 sed
894 1794 1057 1857 desideria
1076 1794 1235 1876 pristinae
1259 1825 1288 1857 20

185 1905 356 1986 dignitatis
372 1905 406 1968 in
423 1914 623 1987 perpetuum
638 1913 758 1968 tacere.
807 1906 923 1988 Fregit
946 1907 1008 1970 hec
1028 1927 1139 1970 meum
1161 1915 1235 1970 can-

186 2018 294 2080 silium
311 2027 344 2080 et
361 2017 514 2081 Caesaris
531 2018 727 2099 magnitada
746 2018 848 2081 animi
867 2028 901 2082 et
922 2026 1058 2082 serratas
1080 2018 1232 2083 officium.

187 2131 305 2212 ltaque
321 2131 471 2212 plinibus
487 2131 597 2193 verbis
614 2139 668 2211 egi
684 2129 822 2194 Caesari
838 2131 970 2212 gratias,
989 2139 1107 2214 meque
1125 2139 1235 2195 metue
1321 2151 1327 2162 ·

185 2249 228 2305 ne
250 2243 351 2305 etiam
374 2241 408 2304 in
432 2250 549 2305 ceteris
575 2243 673 2305 rebus
701 2243 842 2306 honeste
867 2243 934 2306 atie
958 2244 1122 2325 privatim,
1145 2245 1234 2326 quod

185 2364 257 2418 erat
283 2362 386 2416 anum
415 2355 573 2418 salacium
605 2355 639 2418 in
666 2356 769 2418 malis.
829 2355 895 2420 Sed
927 2365 1049 2432 tamen,
1078 2356 1234 2438 quoniam
1259 2381 1286 2428 25

185 2467 292 2548 effrigi
318 2466 388 2529 eius
420 2467 650 2543 offensianem,
680 2477 737 2550 qui
767 2469 910 2531 fortasse
941 2469 1155 2531 arbitraretur
1181 2476 1235 2531 me

186 2581 271 2642 hanc
296 2599 366 2642 rem
391 2579 560 2661 pablicam
587 2589 654 2642 nen
680 2587 807 2662 putare,
834 2591 862 2642 si
888 2589 1052 2662 perpetua
1078 2589 1232 2657 tacerem,

184 2693 314 2755 modice
336 2693 399 2755 hac
423 2691 545 2755 faciam
569 2702 626 2755 aut
650 2692 750 2755 etiam
771 2692 856 2755 intra
876 2673 1019 2769 modum,
1037 2703 1074 2756 ut
1094 2703 1128 2756 et
1148 2693 1234 2756 illius

183 2804 346 2867 voluntati
370 2813 403 2867 et
427 2813 509 2867 meis
535 2805 652 2868 studiis
677 2805 829 2868 serviam.
878 2806 965 2868 Nam
994 2815 1057 2868 etsi
1082 2813 1101 2868 a
1128 2813 1234 2888 prima

183 2923 292 2980 aetate
320 2924 373 2978 me
399 2916 508 2979 omnis
535 2937 588 2980 ars
617 2926 650 2980 et
677 2917 828 2980 doctrina
854 2917 998 2980 liberalis
1029 2927 1063 2980 et
1093 2918 1234 2981 maxime
1256 2943 1287 2988 30

102 3042 103 3045 ’
184 3028 395 3110 philosophia
434 3028 619 3106 delectavit,
659 3038 773 3093 tamen
814 3030 876 3093 hec
916 3030 1061 3093 studium
1101 3030 1235 3094 cottidie

182 3223 310 3281 coluthon,
341 3223 446 3272 lacerat
477 3231 560 3272 autem
595 3232 696 3273 senatus
721 3241 755 3274 sc.
770 3228 928 3276 sententium.
966 3227 1004 3276 18.
1023 3239 1053 3278 eo
1070 3227 1135 3286 loco,
1151 3227 1191 3277 ie.
1207 3227 1234 3274 in

181 3305 301 3367 standing
336 3305 372 3353 ior
406 3313 430 3353 et
459 3313 560 3354 senatus
586 3308 691 3372 fecerat.
722 3309 833 3357 Caesar's
842 3309 921 3372 place.
952 3323 990 3359 20.
1003 3309 1110 3368 inertia,
1120 3310 1233 3358 disincli·

185 3400 221 3436 10.
239 3387 358 3437 hominis
377 3423 382 3436 .
404 3423 410 3435 .
432 3425 437 3436 .
458 3400 549 3448 causa,
566 3396 589 3437 to
608 3391 695 3454 satz'sfy
722 3391 1007 3450 nariam-desiderio,
1021 3400 1107 3456 regnet.
1143 3389 1233 3442 2101-

181 3470 221 3517 his
227 3471 349 3532 personal
352 3471 457 3536 feeling.
491 3483 527 3518 12.
543 3471 694 3522 &Marcei
721 3471 820 3532 ficium,
842 3475 938 3537 loyalty.
986 3487 1024 3537 23.
1048 3475 1144 3538 Itaque
1164 3510 1170 3524 .
1194 3509 1200 3522 .
1224 3509 1230 3522 .

181 3551 232 3610 lus,
245 3553 331 3600 cousin
343 3553 372 3600 of
383 3553 491 3600 Marcus.
523 3566 559 3615 13.
575 3553 695 3613 cunctus,
722 3555 835 3620 gratias,
847 3556 873 3604 in
886 3557 928 3605 the
945 3558 1034 3605 Oratio
1041 3559 1142 3620 proM.
1158 3559 1234 3606 Mar-

182 3635 212 3682 in
231 3651 247 3682 a
266 3635 332 3698 body.
380 3648 416 3695 14.
434 3634 499 3686 Noli
516 3649 650 3700 quaerere,
667 3657 691 3680 =
722 3639 778 3688 cello
790 3654 818 3686 so
830 3639 918 3688 called.
957 3653 995 3704 27.
1016 3652 1073 3689 rem
1087 3638 1233 3704 publicam,

181 3717 248 3781 quid
256 3717 367 3780 quaeris,
381 3718 410 3766 in
422 3719 495 3766 short.
539 3731 576 3782 17.
596 3718 694 3784 rogati,
721 3722 1111 3787 aconstitutionalgovernment.
1136 3721 1234 3773 28.hoc

346 3811 404 3849 con.
422 3813 456 3849 or
473 3813 584 3866 cic-5
