2988 4160
226 217 283 270 102
471 216 793 270 CORRESPONDENCE
816 217 860 270 OF
882 215 1014 269 CICERO.

221 389 271 452 rit.
320 390 429 453 Primo
452 391 497 454 ita
522 399 706 474 pugnatum
732 402 784 455 est
808 402 844 455 ut
868 393 976 456 acrius
1001 401 1066 455 non
1091 403 1205 474 posset
1228 413 1276 456 ex-

222 508 361 585 utraque
386 513 480 585 parte
505 511 655 586 pugnari.
715 504 788 566 Etsi
814 505 980 568 dexterius
1007 511 1119 579 cornu,
1144 505 1178 567 in
1203 513 1276 587 quo·

221 635 284 696 ego
300 634 392 678 eram
408 635 484 678 cum
505 615 646 678 Martiae
665 615 805 696 legionis
827 616 1019 679 cohortibus
1040 625 1123 692 octo,
1141 617 1267 698 impetu

171 755 196 803 ις
222 735 329 808 primo
358 727 536 808 fugaverat
566 727 731 808 legionem
762 745 862 790 xxxv.
893 728 1030 802 Antoni,
1060 737 1096 790 ut
1126 727 1269 809 amplius

222 846 341 920 passus
370 840 411 902 D.
440 840 527 902 ultra
553 839 667 915 aciem,
693 847 759 922 quo
785 839 858 902 loco
885 848 1031 915 steterat,
1061 839 1266 921 processerit.

224 950 341 1033 Itaque
366 971 441 1014 cum
468 951 596 1034 equites
624 960 773 1014 nostrum
801 958 904 1014 cormi
936 951 1108 1014 circumire
1135 951 1267 1026 vellent,

221 1061 368 1143 recipere
385 1070 438 1125 me
456 1073 552 1145 coepi
570 1072 603 1125 et
624 1063 732 1126 levem
756 1069 957 1126 armaturam
981 1070 1151 1145 opponere
1176 1063 1269 1124 Mau-

187 1255 189 1259 *
221 1181 331 1236 rorum
348 1174 521 1257 equitibus
539 1182 582 1236 ne
597 1182 732 1238 aversos
749 1182 879 1238 nostros
898 1174 1168 1256 adgrederentur.
1218 1174 1269 1236 ln-

167 1313 198 1358 30
221 1285 316 1348 terim
328 1285 425 1348 video
441 1294 494 1348 me
509 1307 584 1349 esse
600 1287 686 1350 inter
699 1287 911 1350 Antonianos
925 1286 1175 1370 Antoniumque
1193 1296 1269 1368 post

5 1405 26 1423 ‘
222 1405 274 1460 me
300 1374 380 1460 esse
402 1397 579 1480 aliquanto.
643 1399 797 1480 Repente
824 1418 948 1482 equum
975 1397 1096 1461 immisi
1125 1399 1167 1461 ad
1194 1419 1268 1461 eam

221 1509 384 1590 legionem
401 1517 544 1573 tironum
561 1531 646 1593 quae
662 1511 817 1574 veniebat
832 1531 873 1574 ex
890 1521 1007 1574 castris
1023 1518 1117 1574 serito
1135 1511 1266 1574 reiecto.

221 1621 405 1684 Antoniani
428 1629 482 1684 me
505 1632 637 1706 insequi
646 1644 653 1700 ;
681 1632 788 1686 nostri
812 1623 879 1705 pila
904 1623 1055 1686 conicere
1074 1623 1167 1685 velle.
1216 1624 1269 1686 Ita

220 1733 332 1796 nescio
353 1742 418 1816 quo
437 1735 509 1797 fato
530 1755 602 1797 sum
625 1742 784 1810 servatus,
808 1734 897 1817 quod
920 1755 993 1797 sum
1017 1735 1083 1797 cito
1105 1742 1125 1796 ai
1148 1744 1268 1798 nostris

167 1870 195 1918 35
220 1845 382 1926 cognitus,
430 1847 470 1910 in
487 1846 560 1928 ipsa
576 1846 730 1922 Aemilia,
749 1846 805 1909 ubi
826 1847 946 1910 cohors
968 1846 1121 1910 Caesaris
1141 1825 1268 1928 praeto-

220 1957 267 2018 ria
282 1966 362 2032 erat,
379 1958 434 2020 diu
452 1965 638 2040 pugnatum
654 1967 713 2020 est
755 1958 867 2022 Cornu
884 1957 1078 2032 sinisterius
1093 1957 1181 2039 quod
1197 1969 1268 2050 erat

219 2069 391 2144 infirmius,
417 2069 474 2132 ubi
498 2069 640 2132 Martiae
665 2069 806 2151 legionis
831 2068 917 2132 duae
938 2069 1092 2132 cohortes
1117 2080 1212 2132 erant
1235 2080 1268 2133 et

219 2181 337 2243 cohors
369 2181 542 2262 praetoria,
575 2181 695 2262 pedem
725 2181 851 2243 referre
886 2188 1069 2262 coeperunt
1103 2181 1191 2263 quod
1225 2181 1267 2244 ab

219 2293 366 2375 equitatu
392 2292 658 2369 circumibantur,
683 2301 748 2375 quo
771 2293 824 2354 vel
852 2292 1031 2374 plurimum
1053 2292 1141 2355 valet
1164 2293 1268 2356 Anto

164 2438 195 2481 40
218 2405 301 2467 nius.
349 2406 434 2470 Cum
458 2411 574 2468 omnes
601 2412 637 2468 se
664 2404 870 2486 recepissent
896 2414 1002 2468 nostri
1023 2403 1166 2480 ordines
1190 2404 1268 2467 reci-

175 2547 177 2550 ·
218 2536 296 2597 pere
310 2524 362 2578 mc
378 2516 576 2580 novissimus
592 2526 689 2598 coepi
705 2516 747 2578 ad
764 2527 880 2580 castra.
914 2515 1084 2580 Antonius
1097 2527 1265 2598 tamquam

129 2716 131 2720 .
218 2628 321 2691 victor
342 2639 451 2692 castra
474 2627 604 2711 putavit
627 2637 663 2691 se
689 2649 788 2710 posse
813 2648 952 2711 capere;
981 2635 1046 2711 quo
1071 2647 1146 2690 cum
1166 2627 1263 2702 venit,

217 2743 395 2822 compluris
410 2741 456 2803 ibi
470 2741 580 2804 amisit
596 2761 657 2804 nec
675 2741 743 2822 egit
759 2740 944 2824 quicquam.

260 2854 387 2916 Audita
412 2861 447 2916 re
472 2853 602 2916 Hirtius
626 2873 703 2916 cum
728 2852 919 2916 cohortibus
947 2871 999 2915 xx.
1026 2859 1192 2916 veteranis
1219 2872 1266 2914 re-

162 2989 192 3037 45
215 2966 332 3028 deunti
357 2965 507 3028 Antonio
534 2965 567 3028 in
596 2986 657 3028 sua
683 2974 792 3027 castra
818 2965 960 3028 occurrit
987 2965 1168 3047 copiasque
1196 2963 1265 3026 eius

216 3086 322 3139 omnis
348 3077 470 3140 delevit
496 3077 692 3158 fugavitque
720 3075 836 3138 eodem
861 3077 935 3139 loco
960 3076 1015 3139 ubi
1042 3085 1113 3138 erat
1140 3083 1266 3158 prigna-

216 3243 306 3290 Forum
318 3241 454 3292 Gallorum.
490 3255 528 3305 23.
543 3239 723 3298 dexterius:
754 3247 779 3290 to
791 3248 889 3305 protect
901 3241 939 3289 his
951 3241 1016 3290 back
1029 3241 1092 3290 stom
1104 3241 1146 3290 the
1159 3241 1265 3290 missiles

215 3325 341 3384 dextrum,
351 3325 379 3372 of
386 3325 468 3397 phich
481 3325 499 3372 it
511 3325 531 3372 is
544 3324 586 3372 the
599 3339 726 3386 compara·
754 3323 781 3370 oi
797 3324 839 3371 the
859 3339 981 3387 pursuers.
1023 3335 1063 3388 35.
1082 3321 1209 3380 Aemilia,
1227 3337 1261 3370 sc.

214 3407 347 3456 tiveform.
390 3419 429 3469 32.
448 3405 553 3463 castris,
567 3421 601 3453 sc.
617 3407 724 3453 Pansae.
752 3407 816 3458 via:
845 3406 894 3454 this
921 3405 1020 3453 crossed
1047 3405 1172 3468 Cisalpine
1200 3403 1265 3452 Gaul

214 3489 364 3547 —reiecto,
383 3489 424 3536 i.e.
447 3504 505 3535 over
524 3489 566 3535 the
587 3486 721 3545 shoulder;
753 3487 815 3535 irom
827 3487 968 3536 Ariminum
985 3495 1012 3536 to
1030 3487 1164 3544 Placentia,
1178 3487 1228 3534 and
1245 3486 1266 3534 is

214 3571 263 3620 this
275 3586 325 3619 was
340 3572 406 3619 done
420 3576 446 3617 to
463 3575 566 3632 prevent
580 3568 657 3629 being
668 3568 725 3615 mis·
752 3585 814 3617 even
823 3587 878 3617 now
886 3571 911 3617 in
921 3586 972 3618 use.
994 3581 1034 3629 41.
1046 3567 1219 3626 novissimus,
1227 3569 1266 3616 the

214 3651 291 3699 taken
306 3652 338 3714 by
349 3651 388 3698 his
402 3665 458 3697 own
473 3665 532 3696 men
547 3648 584 3696 ior
600 3664 615 3696 a
633 3649 681 3707 loe,
698 3665 725 3696 or
751 3651 800 3698 last
810 3653 888 3716 ofall.
918 3651 958 3712 46.
971 3649 1081 3708 delevit,
1095 3650 1265 3700 annihilatur.
