2988 4160
259 260 300 338 36
508 269 835 320 conunsrouonucn
858 271 902 319 or
924 271 1062 326 cicaro,

258 454 359 525 potes
386 433 418 506 id
439 445 528 526 quod
551 464 623 525 eg0,
647 455 704 526 qui
724 444 784 506 tibi
806 464 937 526 semper
960 445 1056 508 fortis
1077 445 1221 522 videbar,
1242 454 1309 509 non
1332 419 1336 424 .

257 576 403 638 possum,
421 557 512 637 erige
528 564 562 619 te
578 565 611 618 et
627 557 800 632 eaniirma,
819 567 847 618 si
862 577 927 638 qua
949 557 1122 619 subeunda
1144 557 1310 621 dimicatio

257 667 328 731 erit.
376 668 491 748 Spero,
509 677 537 730 si
553 667 632 750 quid
649 688 723 730 mea
742 676 820 750 spes
842 668 943 731 habet
965 669 1178 746 auctaritatis,
1196 669 1256 732 tibi
1276 680 1309 734 et

257 779 482 861 integritatem
506 789 598 842 tuam
621 789 654 843 et
677 789 823 843 amorem
847 781 880 843 in
904 789 937 843 ta
961 781 1102 844 civitatis
1127 791 1161 845 et
1185 782 1308 864 aliquid

204 902 231 958 65
257 891 356 954 etiam
381 893 641 956 misericordiam
665 903 771 956 nostri
795 893 941 975 praesidi
962 893 1113 957 lataram.
1162 893 1221 959 Sin
1245 895 1309 958 eris

257 1004 298 1067 ab
320 1005 384 1067 ista
404 1006 552 1087 periculo
572 1026 707 1082 vacuus,
725 1013 806 1087 ages
827 1005 961 1082 scilicet,
980 1017 1008 1068 si
1028 1006 1107 1089 quid
1132 1016 1188 1088 agi
1210 1027 1308 1089 posse

257 1116 409 1180 danobis
426 1116 567 1198 putabis.
616 1116 669 1180 De
685 1125 751 1199 qua
767 1117 914 1181 scribunt
931 1118 972 1180 ad
992 1126 1045 1180 me
1061 1118 1194 1200 quidem
1214 1119 1310 1182 multi

231 1227 233 1234 ’
257 1229 361 1292 multa
377 1239 410 1292 et
429 1237 465 1292 sa
486 1237 621 1311 sperare
643 1230 881 1307 demonstrant,
900 1231 959 1294 sed
980 1251 1044 1312 ego
1065 1231 1155 1313 quod
1176 1239 1308 1313 sperem

257 1350 323 1404 nan
345 1341 493 1423 dispicio,
512 1363 587 1405 cum
609 1342 733 1405 inimici
754 1343 933 1424 phirimum
954 1343 1096 1420 valeant,
1117 1353 1216 1407 amici
1237 1365 1308 1426 par-

203 1481 232 1522 70
256 1454 315 1516 tim
332 1455 537 1516 deseruerint
553 1462 614 1530 ma,
630 1455 750 1535 partim
764 1455 862 1518 etiam
880 1455 1093 1536 prodiderint,
1111 1466 1168 1539 qui
1183 1456 1216 1518 in
1233 1464 1309 1519 mea

256 1566 363 1628 redita
381 1568 523 1630 fortasse
540 1567 833 1648 reprehensianem
847 1577 898 1630 sui
910 1568 1044 1631 sceleris
1060 1569 1306 1650 pertimescant.

257 1678 325 1742 Sed
341 1679 404 1741 ista
421 1679 531 1760 qualia
544 1679 609 1742 sint
626 1687 661 1742 tri
674 1679 771 1742 velim
790 1681 972 1762 perspicias
990 1681 1136 1763 mihique
1149 1681 1305 1745 declares

258 1791 330 1872 Ego
346 1801 468 1867 tamen,
486 1813 586 1874 quam
603 1792 658 1854 diu
675 1792 735 1854 tibi
751 1813 835 1874 opus
851 1793 921 1868 erit,
940 1803 969 1856 si
984 1793 1062 1876 quid
1079 1795 1217 1875 periculi
1234 1793 1308 1857 sub-

256 1904 400 1966 eundum
426 1903 563 1980 videbis
589 1915 717 1982 vivam3
747 1905 870 1968 diritius
898 1906 931 1968 in
957 1907 1019 1969 hac
1044 1913 1112 1968 vita
1138 1926 1212 1969 esse
1239 1915 1306 1970 nan

202 2037 230 2083 75
255 2036 400 2096 possum.
464 2017 583 2098 Neque
611 2017 700 2079 enim
727 2026 856 2079 tantum
883 2017 1000 2080 virium
1029 2018 1130 2080 habet
1157 2019 1223 2080 alla
1250 2028 1308 2081 aut

255 2128 432 2209 pradentia
453 2139 518 2210 aut
532 2129 683 2191 doctrina
704 2139 741 2192 ut
761 2139 892 2192 tantum
916 2130 1064 2193 dolorem
1085 2129 1190 2212 possit
1213 2131 1308 2194 susti·

254 2249 342 2304 nere,
405 2241 482 2305 Scio
511 2241 616 2304 inisse
648 2245 681 2306 et
712 2242 885 2305 honestius
917 2243 1080 2305 moriendi
1108 2252 1242 2324 tempus
1273 2252 1307 2306 et

255 2352 374 2428 atilius,
392 2353 534 2416 sednon
557 2354 620 2416 hoc
643 2355 759 2428 solum,
776 2354 880 2416 multa
902 2353 966 2416 alia
985 2365 1201 2436 praetermisi,
1220 2375 1307 2437 quae

254 2475 282 2527 si
306 2475 400 2547 queri
426 2465 525 2527 velim
554 2466 742 2547 praeterita,
771 2466 853 2528 nihil
881 2487 978 2548 agam
1006 2467 1070 2529 nisi
1096 2476 1133 2530 ut
1163 2487 1305 2548 augeam

96 2609 101 2615 ·
200 2577 229 2629 86
253 2577 401 2640 dolorem
417 2587 520 2653 tuum,
538 2577 681 2640 indicem
702 2578 875 2641 stultitiam
897 2599 1030 2650 meam„
1063 2579 1150 2642 Illud
1171 2579 1304 2662 quidem

252 2710 314 2752 nec
330 2689 522 2752 iaciendum
539 2700 667 2753 estnec
684 2691 755 2752 fieri
770 2700 889 2772 potest,
908 2699 961 2752 me
982 2691 1105 2754 diritius
1126 2712 1225 2774 quam
1248 2701 1306 2755 aut

251 2811 345 2864 tuum
367 2813 500 2884 tempus
524 2813 581 2865 aut
604 2803 703 2865 firma
726 2811 804 2884 spes
828 2803 1010 2886 postulabit
1034 2803 1068 2866 in
1091 2812 1159 2866 tam
1183 2804 1305 2866 misera

251 2924 386 2996 tamque
401 2924 491 2996 turpi
505 2922 573 2978 vita
590 2923 787 2978 commorari
802 2925 847 2991 ut,
865 2925 922 2998 qui
937 2915 1037 2978 modo
1053 2916 1156 2978 fratre
1172 2915 1302 2992 fuerim,

251 3027 370 3102 liberis,
385 3027 535 3108 coniuge,
550 3027 663 3108 copiis,
677 3047 800 3108 genere
817 3028 890 3109 ipso
902 3027 1064 3109 pecaniae
1080 3027 1302 3104 beatissimus,

198 3144 225 3200 85
251 3139 422 3220 dignitate,
445 3140 648 3217 auctoritate,
672 3139 923 3216 existimatisne,
947 3139 1053 3222 gratia
1076 3139 1304 3202 non'inferior

249 3314 346 3366 pergas
362 3303 390 3352 et
407 3315 546 3366 properes:
567 3303 650 3352 notice
665 3303 708 3352 the
728 3303 762 3352 al·
789 3305 809 3352 is
819 3311 844 3352 to
854 3304 886 3352 be
895 3303 972 3352 taken
982 3303 1041 3352 with
1052 3303 1159 3367 aliquid.
1183 3301 1223 3352 82.
1235 3302 1303 3352 tem·

249 3385 382 3434 literation.
423 3385 461 3433 62.
480 3383 635 3436 dimicatio:
655 3385 763 3448 Quintus
788 3399 847 3450 pus,
861 3387 984 3448 necessity.
1015 3385 1056 3448 83·
1069 3385 1155 3443 modo,
1168 3385 1302 3447 butlately.

249 3483 300 3516 was
322 3469 469 3516 threatened
491 3467 551 3515 with
575 3468 763 3531 impeachment
789 3468 828 3529 84.
841 3481 944 3532 genere,
954 3469 1062 3516 because
1076 3469 1118 3516 the
1125 3469 1239 3531 pecunia
1252 3467 1303 3516 had

249 3567 282 3600 on
294 3551 333 3599 his
345 3557 427 3598 return
441 3557 467 3598 to
481 3551 568 3598 Rome.
613 3549 651 3612 63.
673 3551 762 3601 aucto-
789 3551 853 3598 been
866 3551 984 3614 acquired
1002 3551 1034 3612 by
1049 3551 1187 3598 honorabIe
1204 3565 1299 3598 means.

247 3633 349 3692 ritatis,
355 3633 520 3698 foundation.
556 3633 595 3696 65.
612 3631 705 3690 nostri,
719 3634 761 3680 de·
787 3633 841 3680 The
855 3633 924 3680 chief
932 3649 1033 3681 sources
1049 3633 1077 3681 os
1091 3632 1200 3681 Cicero's
1211 3631 1303 3681 wealth

246 3718 328 3784 pends
337 3731 405 3780 upon
415 3714 633 3771 misericordiam,·
644 3715 763 3778 praesidi
788 3731 852 3763 were
865 3715 908 3764 the
919 3715 978 3778 giits
990 3717 1040 3764 and
1051 3715 1169 3780 bequests
1181 3715 1210 3764 of
1220 3721 1302 3779 grate·
