2988 4160
322 277 485 328 HUNTING
509 277 694 328 PANTHERS
718 279 787 328 FOR
806 281 831 328 A
850 281 992 331 CURULE
1011 283 1152 331 AEDILE.
1224 288 1264 353 59

206 461 291 514 ¹sunt
307 451 479 515 hominum
496 453 705 534 opinidnibus
723 453 936 535 amplissima,
954 465 1066 518 tamen
1078 457 1141 520 ista
1153 467 1264 520 vestra

214 563 349 627 numina
364 585 545 646 numquam
563 586 635 628 sum
653 566 849 643 admiratum
873 567 960 630 virhs
973 576 1029 631 eds
1047 579 1104 651 qui
1119 591 1159 632 ea
1170 571 1264 634 uirbis
1289 594 1317 626 10

214 678 423 761 reliquissent
447 685 587 759 magnus
611 678 802 741 arbitrabar.
852 681 970 742 Postea
993 689 1072 744 veri)
1095 703 1194 764 quam
1218 683 1264 746 ita

214 802 247 855 et
263 799 337 874 cepi
352 801 385 854 et
400 800 491 871 gessi
510 791 653 852 maxima
673 791 812 872 imperia
833 801 869 854 ut
890 792 970 854 mihi
990 793 1072 856 nihil
1093 815 1201 877 neque
1221 795 1263 858 ad

215 907 374 968 honinem
391 924 499 986 neque
517 904 559 966 ad
575 903 714 984 gldriam
731 903 972 986 adquirendum
990 914 1151 987 putarem,
1170 928 1264 989 supe-

213 1017 331 1080 ridrem
357 1017 490 1099 quidem
513 1037 705 1098 numquam,
727 1016 786 1078 sed
807 1037 921 1098 parem
940 1018 1033 1080 vdhis
1057 1027 1110 1080 me
1134 1027 1265 1100 speravi

213 1151 287 1193 esse
309 1131 444 1192 iactum.
493 1130 566 1192 Nec
588 1129 777 1192 mehercule
800 1129 896 1192 aliter
914 1131 982 1192 vidi
1001 1132 1190 1194 existimare
1211 1133 1264 1195 vel
1289 1160 1315 1206 15

215 1244 274 1307 Cn.
294 1242 497 1324 Pompeium,
516 1262 613 1324 quem
631 1241 785 1304 omnibus
802 1251 858 1324 qui
874 1263 1030 1324 umquam
1048 1244 1192 1320 fuerunt,
1210 1245 1264 1308 vel

215 1356 247 1418 P.
275 1355 464 1429 Lentulum,
489 1375 588 1436 quem
612 1354 693 1416 mihi
716 1353 781 1435 ipsi
805 1363 980 1436 anteprinr').
1043 1357 1095 1418 Tu
1120 1357 1265 1420 sialiter

214 1468 391 1543 existimas,
414 1467 495 1529 nihil
517 1466 650 1540 errabis,
674 1477 701 1529 si
720 1467 820 1548 pauli)
843 1467 1043 1548 diligentius,
1064 1478 1101 1531 ut
1121 1469 1201 1551 quid
1222 1469 1264 1532 sit

198 1576 360 1658 *edqe'veiq
379 1580 458 1662 quid
479 1579 521 1642 sit
542 1579 696 1642 nobilitas
715 1579 899 1660 intellegaS,
917 1580 1165 1657 Athenoddrus,
1184 1582 1264 1646 San-

215 1693 310 1756 ddnis
326 1692 425 1769 filius,
442 1692 578 1776 quidde
595 1693 645 1754 his
662 1691 760 1755 rebus
777 1693 864 1755 dicat
880 1692 1070 1756 attenderis
1288 1717 1317 1748 20

284 1968 433 2032 XXVII.
482 1967 709 2032 HUNTING
741 1967 1000 2032 PANTHERS
1033 1967 1130 2033 FOR
1160 1969 1194 2032 A

398 2089 597 2154 CURULE
627 2089 814 2151 AEDlLE
842 2087 951 2172 (Fam.
970 2105 998 2151 2.
1021 2087 1082 2174 11).

333 2274 377 2324 ur.
398 2272 506 2323 cicere
523 2273 598 2333 Imp.
618 2271 649 2321 s.
669 2271 705 2320 u.
725 2272 768 2321 ru.
789 2271 894 2322 came
911 2272 1015 2322 Aedui
1031 2271 1143 2322 curun

260 2438 441 2501 Putaresne
462 2456 620 2519 umquam
641 2435 791 2499 accidere
813 2456 912 2518 posse
933 2446 969 2499 ut
991 2435 1072 2499 mihi
1089 2436 1192 2500 verba
1210 2437 1264 2501 de-

214 2561 335 2627 essent,
352 2570 460 2632 neque
477 2550 583 2612 sdlum
604 2550 668 2612 ista
682 2559 793 2612 vestra
811 2549 961 2625 dratdria,
980 2550 1039 2612 sed
1061 2551 1144 2613 haec
1163 2550 1263 2613 etiam

214 2664 299 2727 levia
322 2663 504 2726 nostratia?
552 2663 684 2725 Desunt
707 2671 818 2725 autem
844 2672 981 2744 propter
1003 2663 1089 2726 hanc
1117 2683 1261 2739 causam,

214 2776 303 2859 quod
327 2775 463 2838 mirifice
486 2795 559 2837 sum
584 2775 741 2838 sollicitus
765 2774 924 2856 quidnam
945 2775 987 2837 de
1010 2775 1187 2856 prhvinciis
1211 2776 1263 2838 de-

213 2896 376 2952 cernitur.
425 2889 545 2951 Mirum
565 2895 618 2949 me
634 2887 833 2950 desiderium
849 2897 941 2950 tenet
957 2887 1056 2961 urbis,
1071 2887 1262 2950 incredibile
1286 2908 1300 2954 5

211 3075 257 3123 kas
275 3075 391 3138 ineptias.
437 3086 473 3121 12.
494 3070 617 3136 imperia,
636 3074 725 3136 magis·
752 3071 806 3137 vi);
829 3073 868 3122 his
879 3073 972 3137 speech
988 3073 1053 3138 (pro
1069 3074 1163 3138 Caelio)
1178 3073 1199 3122 is
1213 3074 1263 3122 still

211 3159 310 3206 tractes.
360 3169 396 3218 19.
420 3153 540 3220 εὐγένεια,
567 3155 671 3218 nobility
696 3158 727 3222 of
752 3163 843 3204 extant.
891 3157 958 3219 Imp.
985 3155 1143 3219 (greeting):
1174 3157 1263 3204 Cicero

212 3241 286 3288 birth.
294 3239 473 3298 -nobilitas,
486 3239 590 3302 nobility
601 3241 632 3305 of
638 3240 724 3288 worth.
752 3239 802 3288 had
822 3239 887 3286 been
908 3239 991 3287 hailed
1012 3239 1155 3302 Imperator
1172 3239 1205 3300 by
1223 3239 1263 3286 his

211 3323 448 3380 -Athenodorus‚
474 3339 489 3370 a
516 3322 585 3371 Stoic
613 3322 724 3386 philoso·
750 3321 1103 3370 soldiersasterasuccesslul
1118 3321 1263 3384 expedition

211 3407 282 3470 phet,
301 3407 344 3453 the
364 3412 431 3453 tutor
451 3405 480 3452 os
495 3407 630 3467 Augustus.
750 3405 848 3466 against
860 3419 929 3451 some
943 3403 1072 3450 mountain
1087 3403 1163 3450 tribes
1181 3403 1210 3450 os
1226 3404 1263 3452 his

256 3488 365 3537 XXVII.
398 3487 506 3536 Written
526 3487 598 3551 April
618 3488 671 3548 4th,
692 3500 724 3552 50
750 3488 876 3551 province.
922 3500 945 3549 3.
965 3486 1038 3536 levia
1063 3484 1204 3544 nostratia,
1225 3487 1264 3534 tlte

211 3583 262 3619 ΒΑ.
300 3572 337 3619 Μ.
359 3570 458 3619 Caelius
482 3570 561 3619 Rufus
584 3570 635 3619 had
658 3571 723 3618 been
749 3571 836 3634 simple
852 3571 935 3619 words
950 3571 981 3636 os
991 3588 1040 3620 our
1056 3571 1151 3618 mother
1166 3577 1263 3632 tangue,

211 3654 338 3704 defended
351 3654 383 3716 by
392 3652 479 3701 Cicero
491 3653 517 3700 in
527 3653 559 3717 56
568 3665 615 3701 uc.
625 3654 723 3714 against
749 3654 788 3702 i.e.
798 3653 827 3701 ol
834 3654 876 3701 the
884 3670 963 3702 sermo
973 3654 1132 3703 cottidianus.
1155 3667 1179 3714 4.
1191 3652 1264 3716 quod

210 3739 254 3788 the
267 3738 359 3800 charge
372 3736 401 3785 of
414 3738 552 3800 attempted
566 3737 666 3785 murder
680 3737 724 3800 (de
750 3774 755 3786 .
769 3773 775 3786 .
789 3774 794 3786 .
806 3736 978 3786 decernatur:
998 3738 1085 3787 Cicero
1098 3752 1148 3785 was
1159 3735 1264 3784 anxious
