2988 4160
241 279 282 358 76
491 289 815 339 CORRESPONDENCE
838 291 883 340 OF
905 291 1040 342 CICERO.

261 479 444 586 xxxvii.
497 523 743 587 nonssrrc
775 524 998 589 wormes
1029 521 1219 607 (Att.12.3
1245 524 1266 608 ).

608 705 715 756 cicero
732 705 841 755 Attico
859 705 922 756 Sal.

284 869 424 932 Poblilia
447 870 489 931 ad
513 877 566 931 me
589 870 721 951 scripsit
744 877 884 934 matrem
909 881 1102 935 suam—ut
1127 893 1202 936 cum
1231 873 1291 935 Ρῡ-

238 981 329 1044 blilio
349 983 606 1064 loquerer—ad
623 990 676 1044 me
692 1003 767 1045 eum
790 982 845 1047 illo
861 991 1034 1047 ventiiram
1053 995 1085 1047 et
1107 993 1142 1048 se
1164 993 1239 1061 ima,
1263 997 1291 1048 si

238 1113 301 1175 ego
318 1104 458 1175 paterer.
507 1081 591 1158 Orat
607 1096 718 1158 multis
734 1104 768 1157 et
785 1095 992 1177 supplicibus
1008 1096 1117 1159 verbis
1137 1107 1173 1160 ut
1192 1097 1290 1160 liceat

238 1215 272 1268 et
288 1215 324 1268 ut
341 1206 403 1269 sibi
419 1207 608 1269 rescribam.
657 1207 725 1269 Res
742 1228 842 1289 quam
862 1210 1002 1272 molesta
1021 1209 1062 1272 sit
1077 1209 1178 1272 vides
1228 1211 1290 1273 Re-

201 1340 214 1386 5
238 1328 357 1400 scripsi
378 1318 459 1381 mihi
480 1319 579 1382 etiam
601 1318 735 1399 gravius
757 1340 832 1384 esse
853 1341 952 1403 quam
975 1330 1042 1383 tum
1065 1342 1141 1384 cum
1163 1322 1210 1384 illi
1225 1323 1290 1384 dix-

238 1431 338 1494 issem
355 1439 408 1494 me
424 1432 530 1494 solum
547 1451 621 1494 esse
636 1432 741 1508 velle;
767 1439 832 1514 qua
844 1441 879 1494 re
891 1433 978 1496 nolle
992 1441 1045 1495 me
1060 1434 1122 1496 hoc
1138 1443 1289 1516 tempore

135 1535 147 1542 ”
237 1563 312 1607 eam
339 1545 381 1606 ad
409 1552 461 1606 me
487 1553 608 1606 venire.
669 1544 839 1620 Putabam,
869 1555 896 1608 sl
922 1545 1004 1607 nihil
1035 1546 1287 1628 rescripsissem,

237 1655 328 1719 illam
350 1677 425 1720 cum
447 1663 551 1718 matre
572 1665 766 1733 ventiiram3
791 1678 880 1720 nunc
903 1666 969 1720 non
994 1666 1084 1739 puto,
1105 1659 1290 1740 apparebat

238 1769 325 1832 enim
350 1769 422 1831 illas
447 1768 574 1832 litteras
601 1777 667 1832 non
694 1769 779 1832 illius
807 1789 890 1832 esse.
948 1771 1035 1832 lllud
1063 1781 1174 1834 autem
1200 1773 1289 1854 quod

192 1913 217 1944 ιο
238 1883 310 1944 fore
333 1881 431 1943 video
454 1881 564 1963 ipsum
587 1882 664 1944 volo
685 1889 799 1957 vitare,
825 1890 868 1944 ne
894 1882 969 1945 illae
997 1883 1038 1944 ad
1066 1891 1119 1946 me
1141 1885 1286 1948 veniant.

239 1993 356 2055 Ieisina
379 2003 429 2056 est
451 1993 566 2056 vitatio
589 2003 625 2056 ut
648 2013 712 2074 ego
733 1995 865 2070 nollem,
889 1995 948 2056 sed
971 2014 1108 2058 necesse
1132 2005 1191 2058 est.
1238 1998 1289 2059 Te

238 2106 300 2168 hoc
317 2126 405 2168 nunc
422 2114 512 2187 rogo,
530 2115 566 2168 ut
582 2106 733 2188 explores
750 2106 792 2169 ad
811 2127 911 2188 quam
928 2106 1015 2169 diem
1033 2108 1085 2170 hic
1102 2107 1147 2170 ita
1163 2108 1288 2189 possim

237 2237 310 2280 esse
327 2227 363 2281 ut
374 2225 417 2282 ne
430 2217 606 2300 opprimar.
648 2219 752 2300 Ages,
766 2228 803 2281 ut
819 2219 944 2294 scribis,
958 2227 1150 2301 temperate.
1199 2220 1289 2284 Cice·

237 2338 310 2393 roni
320 2331 418 2393 velim
437 2331 498 2394 hoc
515 2331 785 2412 proponas-ita
800 2340 922 2407 tamen,
937 2341 965 2394 si
980 2332 1039 2394 tibi
1054 2340 1121 2394 non
1138 2332 1287 2414 iniquum

187 2461 213 2508 15
237 2442 401 2504 videbitur
411 2479 462 2518 -,
476 2452 513 2505 ut
529 2450 683 2525 siimptiis
700 2443 797 2505 hiiius
814 2444 1099 2524 peregrinationis
1114 2444 1242 2526 quibuS,
1261 2455 1289 2508 si

239 2556 366 2618 Romae
388 2564 477 2618 esset
498 2555 699 2638 domumque
722 2555 932 2632 condisceret,
955 2557 1043 2638 quod
1067 2557 1178 2620 facere
1202 2557 1288 2639 cogi-

236 2746 287 2794 had
299 2747 432 2808 suggested
445 2762 515 2794 some
527 2746 638 2808 changes
650 2751 676 2794 to
688 2745 749 2794 Bru·
776 2752 960 2808 estrangement
976 2746 1051 2795 dated
1069 2745 1133 2794 from
1150 2747 1227 2796 about
1243 2749 1287 2797 the

237 2836 276 2877 tus
288 2829 374 2876 before
388 2829 473 2891 giving
490 2829 509 2876 it
527 2835 552 2876 to
570 2829 609 2876 his
626 2828 706 2878 slaves
723 2835 749 2876 to
775 2829 835 2877 time
848 2829 876 2877 ol
885 2829 987 2877 Tullia’s
998 2829 1082 2887 death,
1092 2831 1142 2878 and
1154 2830 1213 2892 they
1221 2846 1287 2879 were

237 2927 313 2974 copy;
337 2911 417 2959 slaves
436 2913 550 2973 engaged
569 2912 595 2958 in
614 2911 664 2960 this
681 2911 748 2959 work
776 2912 893 2960 divorced
906 2913 954 2960 this
968 2927 1036 2959 same
1052 2927 1120 2974 year.
1158 2924 1178 2960 1.
1196 2912 1287 2962 Publi·

237 3010 301 3041 were
320 2995 400 3043 called
418 2994 533 3042 librarii.
775 2993 819 3052 lio,
841 2994 967 3042 Publilia’s
986 2995 1096 3042 brother.
1139 2993 1288 3044 11.1eiuna

281 3077 416 3125 XXXVII.
444 3077 551 3125 Written
570 3077 633 3125 from
650 3079 749 3136 Astura,
776 3077 948 3135 ...nollem
966 3078 1011 3125 Il's
1027 3094 1043 3124 a
1058 3084 1123 3140 poor
1139 3093 1226 3125 excuse
1240 3079 1288 3143 for

237 3160 326 3208 March
349 3159 417 3217 28th,
440 3171 471 3223 45
496 3171 546 3208 isc.
593 3160 660 3209 Soon
687 3160 749 3208 alter
776 3161 998 3222 nolseeingtlvem,
1011 3160 1096 3208 thal!
1107 3160 1155 3206 did
1167 3167 1211 3207 not
1224 3161 1287 3207 wislr

237 3242 366 3304 divorcing
384 3242 510 3300 Terentia,
531 3242 619 3290 Cicero
642 3242 748 3290 married
774 3250 804 3290 to.
850 3255 887 3291 12.
908 3241 971 3292 ita.
991 3279 996 3290 .
1016 3279 1021 3290 .
1040 3243 1123 3292 utne
1142 3241 1286 3306 opprimar,

237 3324 350 3382 Publilia,
363 3324 519 3387 consessedly
535 3325 573 3372 sor
589 3325 634 3372 her
651 3340 749 3386 money.
775 3325 879 3372 without
896 3325 991 3387 danger
1010 3326 1043 3390 ο]
1054 3325 1129 3389 being
1144 3325 1285 3388 surprised.

237 3407 287 3455 She
300 3423 350 3455 was
362 3407 424 3455 little
439 3423 508 3455 more
524 3407 585 3454 than
602 3423 617 3454 a
632 3407 686 3469 girl,
699 3408 749 3455 and
779 3420 814 3469 13.
833 3406 960 3465 Ciceroni,
978 3407 1087 3456 Cicero's
1104 3424 1158 3466 son,
1178 3409 1286 3466 Marcus,

237 3490 257 3538 is
273 3490 327 3538 said
344 3496 370 3538 to
385 3490 449 3538 have
469 3491 533 3538 been
550 3489 647 3552 jealous
662 3489 691 3537 ol
705 3490 749 3537 her
776 3491 831 3537 who
842 3505 891 3537 was
903 3497 929 3537 to
941 3491 1013 3551 study
1026 3490 1050 3538 in
1060 3491 1165 3539 Athens.
1197 3503 1234 3551 14.
1245 3489 1288 3540 ita

236 3573 427 3635 step-daughter
439 3574 489 3621 and
506 3579 532 3621 to
551 3574 614 3620 have
632 3571 748 3620 offended
775 3572 875 3630 tamen,
885 3571 917 3630 si,
926 3572 980 3619 that
988 3574 1016 3630 is,
1026 3573 1055 3621 in
1064 3590 1125 3623 ease.
1162 3585 1198 3637 15.
1212 3586 1287 3638 pere·

236 3656 325 3704 Cicero
337 3657 370 3719 by
381 3658 426 3704 her
438 3655 600 3704 inilifserence
616 3662 643 3702 to
659 3655 698 3702 his
714 3654 749 3702 af·
776 3653 947 3718 grinnionis,
956 3662 1021 3713 tour,
1032 3656 1135 3720 sojourn
1145 3657 1289 3706 ebroace-

237 3739 339 3788 fliction.
375 3741 509 3788 Whatever
527 3739 570 3786 the
588 3753 669 3795 cause,
686 3737 750 3785 their
761 3705 763 3792 l
776 3736 880 3801 quibus,
890 3737 967 3785 refers
978 3744 1004 3785 to
1017 3739 1144 3788 mercedes.
1175 3739 1212 3788 16.
1228 3750 1289 3790 con·
