2988 4160
519 267 543 316 A
566 267 701 316 mmor
724 268 908 317 saniores.
1197 257 1241 337 67

215 491 370 556 XXXII.
417 491 452 554 A
480 491 669 554 FAMILY
701 493 945 557 PEDIGREE
970 489 1076 575 (Fam.
1098 509 1127 573 9.
1152 492 1216 578 21).

577 673 685 726 cicero
706 676 803 727 Paeto
823 675 855 726 S.

234 844 302 908 Ain
321 844 477 908 tandem?
522 827 676 908 Insanire
694 844 755 908 tibi
769 845 899 922 videris,
918 845 1006 928 quod
1027 844 1153 909 imitere
1171 866 1240 909 ver-

191 957 306 1020 borum
326 964 484 1033 meorum,
501 966 537 1019 ut
556 955 681 1033 scribis,
700 957 864 1021 fulmina?
909 959 996 1020 Tum
1019 965 1190 1034 insanires,
1213 968 1242 1020 si

190 1077 349 1151 consequi
367 1077 434 1131 non
453 1076 588 1151 posses;
613 1089 689 1132 cum
707 1077 786 1132 vero
806 1069 906 1134 etiam
925 1069 1048 1146 vineas,
1071 1077 1124 1132 me
1147 1070 1240 1152 prius

126 1251 129 1260 Α
190 1181 332 1244 inrideas
358 1202 457 1263 quam
482 1189 515 1244 te
539 1190 680 1263 oportet.
730 1181 806 1264 Qua
830 1189 866 1244 re
890 1181 972 1244 nihil
996 1181 1056 1244 tibi
1079 1203 1164 1264 opus
1189 1191 1241 1246 est

189 1293 271 1356 illud
295 1300 315 1355 a
339 1292 479 1370 Trabea,
506 1294 566 1356 sed
591 1293 702 1376 potius
729 1291 919 1372 ἀπότευγμα
946 1314 1065 1357 meum.
1113 1295 1239 1358 Verum
1264 1316 1277 1361 5

189 1415 303 1469 tamen
319 1405 398 1489 quid
413 1405 474 1468 tibi
489 1426 553 1487 ego
569 1406 684 1470 videor
699 1407 733 1469 in
750 1405 924 1488 epistulis?
972 1407 1094 1470 Nonne
1110 1407 1240 1488 plebeio

190 1526 343 1582 sermone
359 1537 459 1599 agere
474 1515 607 1581 tectim?
653 1519 725 1582 Nee
742 1519 830 1581 enim
847 1538 980 1600 semper
996 1519 1113 1582 eodem
1131 1521 1237 1582 modo.
1267 1570 1271 1578 .

190 1630 282 1714 Quid
306 1629 395 1694 enim
420 1630 526 1695 simile
552 1631 653 1694 habet
680 1631 823 1713 epistula
849 1640 908 1693 aut
934 1631 1055 1694 iridicio
1082 1641 1139 1694 aut
1166 1639 1240 1694 eon-

189 1742 293 1806 tir'mi?
343 1742 433 1826 Quin
458 1742 532 1824 ipsa
556 1743 677 1806 iridicia
701 1751 768 1806 m‘m
792 1744 937 1806 solemus
962 1743 1073 1806 omnia
1097 1751 1240 1807 tractare

190 1863 256 1918 sino
272 1854 378 1919 modo.
428 1855 576 1919 Privatas
594 1835 723 1932 causas¹
743 1865 777 1918 et
796 1863 852 1919 eas
873 1865 993 1932 tenuis,
1015 1856 1146 1937 agimus
1167 1857 1240 1920 sub·
1266 1883 1293 1913 10

189 1967 287 2044 tilius,
304 1967 423 2049 capitis
443 1978 500 2031 aut
518 1968 630 2032 famae
649 1968 774 2032 scilicet
795 1968 961 2045 ornatius;
986 1968 1146 2050 epistulas
1161 1976 1241 2032 vero

189 2080 377 2144 cottidianis
392 2081 501 2144 verbis
517 2091 628 2144 texere
648 2082 801 2145 solemus,
844 2081 912 2145 Sed
927 2089 1050 2158 tamen,
1068 2091 1114 2142 mi
1129 2081 1238 2157 Paete,

189 2202 247 2275 qui
267 2192 328 2256 tibi
350 2193 441 2256 venit
465 2193 498 2256 in
524 2203 668 2257 mentem
695 2200 819 2275 negare
845 2193 1013 2274 Papirium
1038 2213 1238 2276 quemquam

189 2325 347 2388 umquam
372 2305 436 2369 nisi
461 2306 625 2388 plebeium
650 2305 778 2369 fuisse?
825 2307 975 2368 Fuerunt
999 2306 1087 2369 enim
1111 2307 1241 2388 patricii

189 2417 353 2480 minorum
369 2418 528 2500 gentium,
546 2427 685 2501 quorum
705 2428 862 2502 princeps
885 2419 922 2480 L.
946 2418 1096 2500 Papirius
1121 2419 1240 2500 Mogil-
1266 2449 1291 2496 15

113 2565 116 2572 ·
189 2529 294 2605 lanus,
312 2541 369 2613 qui
384 2539 502 2594 censor
517 2552 592 2594 eum
616 2532 653 2594 L.
676 2531 875 2612 Sempronio
891 2514 1049 2594 Atratino
1070 2531 1142 2608 fuit,
1163 2552 1239 2594 cum

189 2652 267 2705 ante
283 2644 399 2706 consui
415 2664 489 2706 cum
507 2644 624 2706 eodem
641 2643 769 2718 fuisset,
787 2653 883 2706 annis
904 2652 981 2724 post
1003 2644 1145 2706 Romam
1165 2664 1240 2707 con-

189 2754 292 2817 ditam
309 2773 426 2818 cccxli.
475 2756 544 2820 Sed
562 2766 634 2818 tum
653 2755 775 2837 Papisii
794 2755 1000 2818 dicebamini.
1049 2757 1129 2818 Post
1150 2757 1238 2819 hunc

189 2885 257 2929 xm.
276 2867 412 2930 fuerunt
429 2868 508 2930 sella
525 2869 631 2931 curili
648 2877 726 2932 ante
747 2869 784 2930 L.
807 2867 975 2949 Papirium
998 2866 1165 2945 Crassum,
1183 2879 1241 2950 qui

232 3056 344 3105 XXXII.
379 3070 399 3105 1.
419 3054 473 3106 Ain‘
495 3055 632 3106 tandem?
655 3057 699 3104 ln·
726 3054 810 3105 rium:
836 3055 879 3103 the
899 3055 973 3102 Paeti
992 3069 1056 3102 were
1076 3070 1091 3102 a
1111 3054 1196 3117 family
1213 3054 1240 3103 oi

189 3137 267 3188 deed!
317 3151 339 3204 5.
369 3138 446 3198 illud,
471 3141 525 3188 that
551 3139 699 3203 quotate‘on‚·
726 3138 769 3185 the
792 3129 906 3200 Papiria
924 3152 991 3200 gens.
1045 3149 1082 3201 15.
1105 3136 1240 3188 minorum

188 3220 286 3269 Trabea
297 3237 348 3270 was
359 3237 391 3270 an
405 3222 470 3284 early
483 3223 562 3270 writer
575 3221 604 3269 of
616 3237 700 3269 come·
727 3218 863 3284 gentium:
887 3219 930 3268 the
950 3220 1060 3268 minores
1073 3227 1156 3284 gentes
1173 3237 1239 3268 were

189 3303 457 3368 ἀίει-ἀπότευγμα,
469 3305 590 3370 sailure,·
608 3320 641 3352 sc.
657 3311 698 3352 est.
727 3303 796 3350 clans
811 3302 894 3350 which
913 3302 964 3350 had
981 3302 1045 3350 been
1063 3303 1239 3366 incorporated

189 3385 212 3434 8.
233 3385 388 3445 iudiciariae
401 3388 501 3436 address
516 3394 538 3434 to
554 3403 569 3433 α
580 3386 700 3450 jury.-
726 3385 780 3432 into
805 3385 848 3432 the
874 3385 941 3448 early
966 3385 1109 3433 settlement
1134 3401 1168 3432 on
1196 3386 1239 3433 the

188 3468 315 3528 contioni,
328 3487 344 3518 a
354 3470 472 3534 political
480 3470 568 3533 speech.
606 3482 642 3517 10.
660 3470 699 3518 te·
727 3466 839 3516 Palatine
865 3469 916 3516 and
942 3467 1077 3525 ennohled,
1100 3483 1127 3515 as
1153 3467 1238 3516 distin·

188 3550 258 3610 nuis,
281 3553 313 3618 of
329 3553 403 3618 slight
425 3554 587 3616 importante.
598 3552 699 3602 -sub·
726 3550 833 3612 guished
848 3548 912 3597 from
928 3549 971 3597 the
986 3549 1055 3597 clans
1071 3549 1099 3597 os
1114 3549 1156 3597 the
1174 3550 1240 3612 orig-

187 3632 274 3694 tilius,
297 3651 366 3683 more
386 3636 485 3699 simply.
537 3648 573 3684 12.
599 3634 699 3693 texere,
726 3632 777 3681 inal
794 3631 891 3681 settlers
908 3632 979 3680 there
998 3632 1120 3692 (maiores
1131 3633 1239 3697 gentes).

188 3724 300 3782 tompore.
344 3731 381 3781 13.
395 3717 448 3782 qui,
461 3719 503 3767 the
516 3715 698 3781 adv.-Papi·
729 3729 766 3778 19.
788 3714 857 3765 sella
869 3713 961 3774 curuli,
974 3715 1022 3764 abl.
1036 3714 1065 3762 of
1077 3715 1239 3780 description.
