2988 4162
409 289 549 339 POMPEY
571 289 646 338 AND
669 289 805 340 CAESAR
827 290 1046 340 UNPOPULAR.
1210 295 1252 360 27

197 463 377 546 tragoedus
393 462 426 526 in
443 473 593 558 nostrum
611 463 805 547 Pompeium
822 462 1011 543 petulanter
1022 463 1174 527 invectus
1190 473 1249 527 est.

460 609 565 660 Nostra
579 605 689 660 miseria
701 611 731 660 tu
745 622 774 660 es
788 612 906 675 magnus
927 644 933 657 .
956 644 962 657 .
986 644 991 657 .
1275 622 1289 669 5

199 740 327 803 miliens
344 747 479 804 coactus
495 749 546 802 est
563 740 690 816 dicere3

273 882 401 936 Eandem
413 882 542 936 virtutem
556 881 638 936 istam
650 881 742 936 veniet
755 889 863 952 tempus
876 899 937 937 cum
950 881 1069 952 graviter
1080 887 1175 952 gemsse's

198 1028 298 1082 totius
318 1019 441 1082 theatri
461 1018 605 1082 clamore
627 1018 716 1095 dixit,
734 1018 880 1100 itemque
901 1025 1021 1080 cetera.
1071 1019 1158 1080 Nam
1181 1018 1251 1081 eius

198 1131 289 1194 modi
315 1141 393 1194 sunt
417 1132 439 1194 ir
463 1139 581 1194 versus
605 1140 642 1194 ut
666 1130 700 1193 in
727 1139 861 1213 tempus
886 1129 928 1193 ab
955 1129 1089 1193 inimico
1115 1130 1252 1212 Pompei

153 1251 156 1258 '
198 1253 313 1326 scripti
328 1264 402 1308 esse
417 1244 602 1308 videantur.
1276 1269 1304 1301 10

389 1387 419 1440 Si
431 1403 520 1456 neque
533 1386 610 1457 leges
623 1392 651 1440 te
664 1403 754 1456 neque
766 1390 859 1440 mores
872 1391 974 1456 cogunt
995 1425 1001 1438 .
1024 1425 1030 1438 .
1053 1425 1060 1438 .

197 1533 230 1585 et
258 1530 369 1586 cetera
395 1530 517 1604 magno
544 1543 619 1586 cum
650 1521 785 1585 fremitu
813 1531 847 1585 et
873 1521 1016 1585 clamore
1043 1531 1121 1585 sunt
1151 1521 1247 1585 dicta.

121 1621 124 1633 ’
199 1637 324 1698 Caesar
350 1655 426 1697 cum
452 1635 599 1697 venisset
629 1634 918 1716 mortuo-plausu,
948 1633 1049 1698 Curio
1079 1634 1168 1697 iilius
1200 1643 1250 1697 est

197 1753 379 1809 insecutus,
428 1746 517 1808 Huic
544 1746 590 1808 ita
617 1747 769 1828 plausum
798 1755 849 1810 est
876 1755 913 1809 ut
937 1747 1029 1809 salva
1056 1754 1091 1809 re
1116 1746 1250 1829 publica

200 1859 357 1940 Pompeio
373 1859 487 1940 plaudi
508 1858 643 1922 solebat.
690 1857 783 1922 Tulit
804 1859 929 1922 Caesar
947 1859 1101 1940 graviter.
1150 1859 1250 1922 Litte-
1275 1887 1301 1932 15

198 1993 253 2034 rae
277 1971 496 2053 Capuamad
519 1971 713 2053 Pompeium
731 1971 843 2034 volare
867 1971 1070 2034 dicebantur.
1120 1971 1250 2034 Inimici

198 2094 292 2146 erant
315 2083 483 2166 equitibus
508 2093 565 2166 qui
591 2083 728 2148 Curioni
753 2090 881 2146 stantes
908 2083 1110 2166 plauserant,
1135 2084 1249 2146 hostes

198 2196 360 2259 omnibus.
409 2196 551 2260 Rosciae
575 2197 651 2277 legi,
671 2195 770 2259 etiam
794 2196 1034 2258 frumentariae
1054 2195 1249 2258 minitaban-

197 2317 258 2370 tur.
307 2309 397 2372 Sane
427 2317 479 2371 res
510 2319 581 2371 erat
612 2307 813 2390 perturbata.
871 2307 1034 2390 Equidem
1066 2308 1247 2370 malueram

197 2421 287 2502 quod
306 2431 378 2482 erat
399 2430 591 2502 susceptum
608 2421 729 2484 abillis
751 2419 882 2483 silentio
898 2427 1039 2496 transiri,
1057 2420 1116 2483 sed
1131 2440 1249 2484 vereor
1272 2447 1300 2479 ιο

197 2539 239 2594 ne
255 2541 322 2594 non
338 2532 450 2602 liceat.
499 2533 576 2594 Non
600 2533 713 2596 ferunt
737 2533 888 2596 homines
912 2533 1001 2616 quod
1022 2533 1152 2595 videtur
1173 2553 1248 2597 esse

195 2657 308 2709 tamen
332 2646 528 2722 ferendum3
553 2645 613 2708 sed
634 2653 685 2708 est
706 2645 770 2707 iam
794 2652 860 2708 [ma
880 2653 944 2708 vox
965 2645 1122 2722 omniurn,
1140 2645 1247 2728 magis

196 2760 272 2822 odio
288 2760 421 2822 firmata
437 2778 537 2840 quam
553 2757 728 2839 praesidio.

194 2917 276 2964 bisses.
310 2931 334 2976 4.
350 2915 507 2979 petulanter
519 2913 642 2965 invectus
654 2915 705 2976 est,
734 2929 827 2977 among
838 2914 881 2964 the
893 2914 997 2964 soldiers
1013 2915 1043 2963 os
1055 2914 1098 2963 the
1114 2931 1182 2978 army
1193 2915 1247 2965 that

196 3000 269 3047 made
285 3016 301 3046 a
318 3015 394 3060 suucy
411 2999 500 3046 attack.
537 3010 558 3062 5.
575 3010 705 3062 magnus:
734 2998 784 3047 had
794 2997 883 3060 fought
893 2998 1063 3056 Mithridates3
1081 2999 1190 3062 Pompey
1198 3014 1247 3047 was

197 3083 306 3144 Pompey
331 3097 382 3129 was
413 3081 487 3142 given
518 3082 561 3128 the
593 3096 707 3128 surname
733 3081 832 3143 serving
844 3097 877 3128 on
892 3081 934 3129 the
951 3081 1109 3128 commisslon
1125 3081 1247 3130 intrusted

195 3166 309 3228 Magnus
319 3165 351 3225 by
361 3164 404 3211 the
417 3163 523 3212 dictator
536 3163 612 3212 Sulla.
641 3177 664 3224 9.
679 3161 707 3211 in
734 3163 792 3211 with
821 3163 865 3210 the
893 3163 1024 3211 execution
1053 3163 1082 3210 of
1110 3164 1160 3212 this
1188 3164 1242 3211 law.

194 3246 309 3310 tempus,
315 3247 410 3312 sorthe
421 3247 539 3294 occasion.
574 3258 611 3308 13.
625 3243 707 3303 filius,
736 3244 772 3293 18.
796 3243 910 3295 Rosciae
929 3244 999 3310 legi:
1026 3246 1045 3294 it
1067 3247 1188 3309 provided
1208 3246 1246 3294 sor

194 3336 221 3376 to
236 3330 383 3391 distinguish
402 3329 455 3376 him
473 3328 536 3376 stom
554 3328 593 3375 his
610 3328 703 3386 lathem
733 3328 776 3375 the
799 3329 896 3390 seating
919 3328 948 3375 of
974 3329 1016 3376 the
1039 3330 1131 3392 equites
1153 3329 1179 3376 in
1203 3330 1246 3376 the

195 3413 227 3459 he
250 3428 300 3460 was
323 3412 465 3475 applauded
488 3411 594 3458 because
618 3410 647 3458 os
669 3411 708 3458 his
733 3411 829 3458 theater
847 3411 872 3458 in
890 3427 905 3458 a
922 3411 993 3474 place
1011 3411 1039 3458 ol
1054 3412 1135 3458 honor
1152 3412 1245 3459 behind

194 3495 354 3542 well-known
375 3494 486 3555 hostility
506 3501 532 3540 to
555 3494 598 3541 the
622 3494 706 3540 trium·
733 3494 776 3542 the
788 3501 909 3540 senatum.
923 3491 1176 3543 —frumentariae:
1197 3494 1246 3542 this

193 3577 248 3624 virs.
284 3578 320 3625 16.
335 3575 470 3640 Capuam:
489 3575 580 3623 Caesar
589 3591 639 3622 was
651 3591 706 3622 now
733 3577 853 3639 provided
867 3576 904 3623 for
917 3577 958 3623 the
971 3577 1022 3623 sale
1035 3577 1064 3623 ol
1077 3577 1147 3638 grain
1160 3585 1185 3624 at
1198 3577 1246 3624 low

193 3659 286 3717 consul,
297 3661 346 3708 and
360 3661 409 3706 had
423 3659 517 3706 carried
531 3675 545 3705 a
557 3658 604 3705 law
614 3657 651 3704 for
664 3659 706 3706 the
734 3659 795 3706 lixed
814 3668 885 3706 rates.
897 3657 1146 3718 —minitabantur,
1163 3659 1202 3708 i.e.
1219 3666 1246 3706 to

193 3743 352 3791 distribution
375 3741 404 3790 of
424 3741 466 3790 the
489 3741 547 3808 land
572 3739 601 3788 of
620 3740 707 3804 Capua
733 3741 939 3804 abrogatethem.
