2988 4160
237 235 279 296 26
487 245 810 294 CORRESPONDENCE
832 245 877 294 OF
899 244 1033 294 CICERO.

236 438 354 495 essem,
373 427 439 500 qud
455 419 507 480 die
523 427 590 481 ndu
607 418 724 482 melius
741 428 860 482 scirem
884 419 1011 480 Romae
1033 417 1112 500 quid
1133 425 1288 499 ageretur

237 551 336 613 quam
361 531 384 593 ii
408 541 465 613 qui
489 541 583 594 erant
609 533 744 594 Romae.
804 531 938 594 Etenim
963 531 1093 593 litterae
1117 540 1195 593 tuae
1220 539 1287 593 non

199 663 213 711 5
238 644 344 706 sdlum
366 643 444 726 quid
468 645 605 736 Romae,
624 644 682 706 sed
705 645 804 706 etiam
822 643 950 726 quidin
967 643 1160 724 republica,
1178 663 1287 725 neque

237 757 343 818 solum
360 756 438 838 quid
454 757 556 832 fieret,
574 764 689 819 verum
706 756 805 819 etiam
825 756 904 838 quid
925 757 1076 818 futurum
1099 765 1188 819 esset
1208 755 1288 818 indi-

237 867 367 931 cabant.
430 869 539 944 Nunc,
571 868 635 930 nisi
665 878 693 931 si
723 868 801 950 quid
832 889 872 931 ex
903 877 1136 950 praetereunte
1163 868 1288 930 viatore

210 983 212 989 ⁴
237 989 413 1062 exceptum
430 989 489 1056 est,
507 991 591 1043 scire
607 981 688 1043 nihil
705 1001 894 1062 possumus,
939 980 1016 1062 Qud
1031 987 1067 1042 re
1086 999 1287 1062 quamquam

238 1091 303 1154 iam
322 1099 355 1154 te
376 1093 487 1174 ipsum
512 1100 676 1174 exspecto,
699 1102 812 1155 tamen
836 1092 890 1155 isti
911 1100 1023 1174 puero,
1047 1111 1146 1174 quem
1170 1092 1211 1154 ad
1235 1099 1288 1153 me

187 1227 215 1260 10
238 1205 350 1267 statim
375 1205 457 1268 iussi
482 1225 661 1280 recurrere,
686 1205 728 1267 da
752 1206 974 1286 ponderdsam
1000 1203 1144 1286 aliquam
1167 1203 1289 1286 epistu-

238 1317 314 1392 lam,
346 1318 480 1398 plenam
511 1317 658 1380 omnium
685 1325 753 1379 non
780 1317 879 1380 modo
911 1323 1069 1390 ambrum,
1099 1316 1158 1378 sed
1189 1315 1288 1378 etiam
1390 1363 1395 1376 .

238 1429 432 1510 opinionum
448 1436 589 1506 tuarum,
607 1451 645 1492 ae
662 1429 749 1492 diem
766 1437 832 1511 qud
850 1431 957 1491 Roma
976 1439 1021 1491 sis
1042 1428 1188 1491 exitdrus
1210 1435 1289 1490 odra

238 1551 275 1604 ut
298 1541 410 1605 sciam.
469 1543 540 1604 Nds
567 1542 601 1604 in
630 1541 808 1605 Formiano
836 1542 1085 1604 essevolumus
1113 1548 1219 1622 usque
1247 1542 1289 1603 ad

240 1655 321 1736 prid.
342 1655 457 1717 Nonas
483 1654 599 1717 Maiis.
648 1656 699 1717 Ed
721 1664 749 1717 si
769 1663 846 1717 ante
868 1674 942 1716 eam
959 1653 1047 1716 diem
1063 1661 1130 1714 non
1146 1653 1287 1728 veneris,

188 1785 214 1832 15
240 1768 367 1830 Rdmae
383 1774 416 1829 te
437 1767 580 1830 fortasse
595 1766 724 1830 videbo.
774 1767 863 1829 Nam
879 1767 1048 1847 Arpinum
1070 1765 1149 1848 quid
1171 1785 1233 1846 ego
1255 1772 1289 1828 te

238 1879 396 1943 invitem?

246 2107 346 2172 VIII.
395 2107 588 2172 POMPEY
619 2107 724 2170 AND
757 2105 950 2170 CAESAR
981 2104 1281 2170 UNPOPULAR
1344 2093 1346 2097 ’

631 2228 716 2310 (Aa.
736 2245 763 2290 2.
787 2245 833 2308 19.
853 2225 894 2309 3).

283 2397 401 2479 Populi
431 2404 548 2460 sensus
579 2395 721 2458 maxime
754 2395 885 2457 theatro
916 2403 950 2456 et
981 2393 1180 2474 spectaculis
1219 2413 1290 2474 per-

238 2519 373 2592 spectus
396 2519 455 2572 est.
504 2509 593 2572 Nam
617 2507 854 2589 gladiatoribus
877 2513 943 2588 qua
968 2506 1121 2568 dominus
1147 2513 1213 2588 qua
1236 2507 1290 2568 ad-

237 2629 348 2686 vocati
371 2621 472 2684 sibilis
496 2621 662 2684 cdnscissi.
722 2620 826 2682 Ludis
850 2617 1102 2699 Apollinaribus
1131 2618 1289 2700 Diphilus

238 2784 311 2842 lium,
324 2783 361 2831 for
373 2783 391 2831 it
403 2783 446 2832 did
459 2789 503 2831 not
517 2799 586 2845 carry
598 2783 657 2830 with
671 2782 691 2830 it
706 2781 749 2830 the
819 2780 893 2829 VIII.
925 2778 1032 2828 Written
1060 2779 1124 2826 from
1153 2779 1234 2826 Rome
1263 2779 1290 2827 in

237 2867 287 2915 loss
297 2867 325 2914 os
334 2866 390 2914 civil
402 2867 487 2929 rights
520 2878 540 2928 7.
556 2863 751 2927 n1s1s1,except
775 2863 838 2927 July‚
865 2875 896 2927 59
919 2874 981 2920 B.c.,
1005 2862 1102 2909 Atticus
1129 2861 1224 2924 having
1252 2877 1289 2909 re-

238 2951 269 2998 in
281 2948 502 3007 casu-viatore,
516 2948 633 2996 traveler.
668 2947 689 2996 8.
705 2959 748 2996 ex·
776 2947 865 2994 turned
885 2953 911 2993 to
932 2945 1034 2993 Greece.
1079 2957 1099 2992 1.
1118 2943 1288 3006 spectaculis,

238 3033 345 3097 ceptum
368 3032 418 3090 est,
441 3032 486 3079 has
511 3032 568 3079 been
589 3029 682 3094 picked
705 3037 747 3094 up.
775 3029 858 3086 shows,
868 3044 961 3092 games.
998 3039 1021 3075 2.
1040 3025 1245 3090 gladiatoribus,
1264 3033 1291 3073 at

241 3129 278 3165 10.
295 3114 480 3178 ponderosam,
498 3115 583 3176 lzeavy.
623 3125 660 3177 15.
678 3113 749 3162 Nam
775 3129 791 3159 a
811 3112 877 3160 show
897 3111 1086 3176 osgladiators.
1104 3121 1207 3171 —qua
1225 3143 1231 3155 .
1252 3143 1258 3155 .
1280 3143 1285 3156 .

239 3235 245 3246 .
266 3233 271 3244 .
293 3233 299 3245 .
320 3195 450 3246 invitem:
475 3197 563 3244 Cicero
579 3196 678 3259 implies
696 3195 749 3243 that
775 3207 837 3258 qua,
853 3201 935 3242 :et.
957 3228 962 3241 .
985 3201 1050 3248 .et,·
1074 3193 1135 3240 used
1153 3191 1185 3252 by
1201 3190 1289 3238 Cicero

238 3280 360 3343 Arpinum
372 3280 393 3327 is
405 3285 449 3327 not
461 3295 489 3326 so
502 3279 576 3326 much
593 3278 707 3342 pleasing
723 3278 748 3325 in
776 3277 834 3338 only
863 3277 888 3324 in
917 3277 960 3324 the
989 3277 1081 3324 letters,
1101 3302 1135 3310 —
1152 3271 1286 3332 dominus,

238 3363 306 3410 itsell
321 3379 348 3410 as
363 3363 423 3410 dear
438 3369 463 3409 to
482 3362 534 3409 him
552 3362 615 3409 lrom
634 3361 665 3408 its
683 3375 747 3408 asso·
777 3361 894 3423 Pompey.
915 3356 1097 3414 -advocati,
1127 3363 1289 3420 supportem

238 3446 350 3494 ciations.
383 3445 439 3492 The
456 3452 509 3506 stay
525 3451 550 3492 at
568 3443 682 3492 Formiae
699 3443 748 3490 had
776 3443 819 3490 the
845 3443 978 3490 advocatus
1000 3457 1050 3488 was
1076 3456 1125 3488 one
1149 3440 1205 3486 who
1231 3453 1289 3501 sup·

238 3529 303 3576 been
327 3527 474 3592 prolonged,
498 3527 548 3575 and
571 3526 674 3574 Antium
700 3527 749 3574 and
776 3526 865 3588 ported
883 3541 898 3572 a
915 3524 996 3572 friend
1013 3523 1038 3570 in
1057 3539 1072 3571 a
1089 3523 1137 3570 suit
1155 3528 1181 3570 at
1197 3521 1290 3582 lawby

237 3611 373 3659 Tusculum
388 3625 462 3668 were,
478 3609 497 3657 it
513 3609 595 3658 would
612 3624 688 3666 seem,
706 3615 750 3656 not
777 3608 815 3655 his
828 3623 946 3670 presence
960 3623 987 3654 or
1000 3607 1031 3668 by
1043 3606 1185 3667 testimony.
1217 3617 1239 3666 3.
1254 3602 1289 3653 si·

238 3701 264 3746 to
276 3694 307 3742 be
320 3693 417 3745 visited.
777 3689 841 3743 bilis
862 3687 998 3750 conscissi
1017 3705 1082 3737 were
1102 3687 1213 3738 assailed
1229 3687 1291 3738 with
