2988 4160
367 257 563 308 TREBATIUS
585 257 635 306 AN
658 255 900 305 INDIFFERENT
923 254 1084 304 SOLDIER.
1216 255 1256 322 57

205 432 293 516 quod
309 441 434 513 negent
449 439 483 494 te
499 429 772 512 percontantibus
793 429 1005 511 respondere.
1054 428 1121 493 Sed
1142 438 1255 490 tamen

204 555 255 608 est
272 545 360 628 quod
381 545 538 626 gaudeas,
587 545 727 608 Constat
748 542 836 605 enirn
855 542 941 604 inter
962 549 1069 604 omnis
1089 540 1256 604 neminem

204 666 320 721 tesino
338 657 589 722 Samarobrivae
606 656 685 720 iuris
702 655 892 738 peritiorem
908 674 990 718 esse.

205 885 312 949 XXV.
360 885 637 950 TREBATIUS
668 884 737 946 AN
771 882 1110 946 INDIFFERENT
1143 881 1257 947 SOL·
1318 913 1321 918 ·

489 1003 608 1064 DIER
637 998 743 1084 (Fam.
763 1015 790 1080 7.
814 1017 860 1063 10.
883 1019 907 1077 1,
927 999 970 1084 2).

505 1165 548 1214 Μ.
570 1164 677 1214 Cicero
696 1164 726 1214 S.
747 1165 782 1212 D.
802 1163 957 1214 Trebatio.

250 1312 335 1392 Legi
356 1317 431 1373 tuas
455 1309 591 1385 litteras,
614 1330 654 1372 ex
678 1309 797 1392 quibus
821 1309 967 1372 intellexi
988 1315 1022 1371 te
1046 1309 1182 1373 Caesari
1202 1327 1257 1371 no-

205 1432 274 1486 stro
289 1425 386 1486 valde
407 1423 477 1485 iure
498 1423 686 1486 consultum
701 1423 813 1485 videri.
862 1423 924 1485 Est
945 1421 1032 1504 quod
1054 1421 1202 1502 gaudeas
1223 1428 1257 1483 te

205 1537 239 1599 in
260 1537 323 1599 ista
344 1537 416 1598 loca
436 1535 568 1598 venisse
590 1535 647 1598 ubi
668 1535 792 1617 aliquid
815 1555 934 1616 sapere
951 1530 1108 1597 viderere.
1157 1533 1256 1616 Quod

206 1659 234 1712 si
248 1649 281 1711 in
300 1648 505 1711 Britanniam
522 1668 654 1730 quoque
674 1648 845 1730 profectus
867 1654 967 1722 esses,
986 1647 1138 1728 proiecti)
1158 1653 1257 1708 nemci

205 1761 239 1824 in
255 1761 310 1824 illa
326 1768 419 1824 tanta
433 1761 541 1823 insula
557 1759 693 1842 peritior
713 1768 747 1823 te
768 1759 895 1823 fuisset.
943 1761 1069 1822 Verum
1090 1768 1254 1822 tamen—
1280 1777 1294 1824 5

205 1851 372 1936 rideamus
399 1873 484 1948 licet,
513 1893 587 1936 sum
615 1873 703 1936 enim
729 1880 749 1935 a
775 1881 808 1935 te
835 1871 1257 1942 invitatus-subinvideo

205 1986 273 2062 tibi,
298 1986 384 2078 ultro
407 1985 507 2048 etiam
531 1995 726 2048 arcessitum
750 1985 792 2048 ab
815 1993 855 2048 eri
877 1985 919 2046 ad
944 2003 1042 2066 quem
1066 1991 1167 2046 ceteri
1189 1990 1256 2045 non

206 2107 343 2180 propter
365 2097 556 2179 superbiam
580 2097 658 2170 eius,
682 2098 742 2160 sed
765 2107 902 2179 propter
925 2095 1178 2178 occupationem
1203 2095 1257 2156 ad-

206 2217 331 2293 spirare
347 2218 414 2273 non
431 2219 580 2292 possunt.
629 2211 697 2274 Sed
717 2218 752 2273 tu
774 2210 808 2272 in
830 2209 893 2272 ista
914 2209 1057 2291 epistula
1076 2207 1157 2270 nihil
1176 2207 1257 2269 mihi

206 2322 368 2404 scripsisti
383 2323 425 2385 de
440 2332 506 2385 tuis
523 2322 630 2397 rebus,
649 2343 734 2404 quae
751 2322 941 2384 mehercule
958 2320 1040 2383 mihi
1055 2329 1122 2382 non
1139 2319 1258 2382 minori
1282 2344 1309 2375 10

206 2443 304 2498 curae
333 2445 410 2497 sunt
436 2455 535 2517 quam
563 2455 666 2498 meae.
728 2435 836 2498 Valde
863 2441 975 2497 metuo
1001 2441 1044 2495 ne
1071 2433 1195 2512 frigeas
1222 2431 1256 2494 in

205 2547 360 2610 hibernis.
420 2547 530 2630 Quam
562 2548 603 2610 ob
634 2568 705 2610 rem
735 2555 866 2610 camino
895 2547 1065 2610 luculenti)
1096 2544 1256 2607 utendum

205 2668 326 2723 censeo
336 2681 343 2736 ;
376 2659 462 2723 idem
493 2660 607 2723 Mucio
634 2671 667 2722 et
699 2660 838 2723 Manilio
868 2659 1031 2741 placebat,
1060 2657 1255 2740 praesertim

205 2783 261 2855 qui
284 2783 374 2854 sagis
397 2781 465 2836 non
489 2773 683 2836 abundares.
742 2773 954 2855 Quamquam
982 2780 1041 2835 vos
1067 2791 1156 2834 nunc
1183 2771 1256 2834 istic

205 2885 284 2948 satis
308 2886 415 2948 calere
437 2885 544 2961 audio,
568 2894 633 2968 qui)
656 2885 790 2968 quidem
812 2885 929 2948 nuntio
949 2885 1047 2947 valde
1067 2883 1256 2946 mehercule
1281 2903 1307 2948 15

203 3049 321 3112 supplied
336 3049 397 3097 with
418 3065 511 3112 money.
551 3062 589 3097 11.
610 3061 718 3113 respon·
748 3063 784 3098 12.
800 3047 905 3099 camino
920 3048 1092 3106 luculent0,a
1105 3046 1255 3112 brightfire,

204 3131 274 3190 dere,
290 3148 305 3179 a
322 3147 390 3194 sorry
405 3147 464 3195 pun,
480 3149 580 3180 arzswer
594 3134 718 3196 questions
744 3132 848 3194 literally
860 3139 929 3180 slove.
968 3144 1004 3193 13.
1017 3129 1108 3180 idem.
1125 3165 1130 3177 .
1147 3164 1152 3176 .
1168 3129 1255 3193 place·

204 3216 254 3263 and
267 3216 327 3278 give
342 3215 436 3273 advice,
452 3215 478 3262 in
495 3215 538 3263 the
555 3215 628 3264 latter
645 3231 717 3264 sense
743 3215 805 3265 bat:
826 3215 913 3262 Cicero
931 3214 992 3262 cites
1010 3220 1059 3261 two
1077 3213 1173 3260 famous
1190 3211 1255 3274 legal

204 3297 296 3359 alegal
308 3305 379 3346 term.
744 3297 896 3346 authorities.
934 3309 970 3356 14.
988 3295 1078 3360 sagis:
1098 3295 1141 3343 the
1158 3310 1255 3357 sagum,

248 3382 329 3429 XXV.
354 3394 376 3430 2.
392 3379 449 3430 iure
466 3380 627 3439 consultum,
640 3401 664 3423 =
677 3381 716 3428 iu·
744 3381 862 3442 military
882 3379 956 3437 cloalr,
976 3394 1027 3426 swas
1050 3377 1209 3425 emblematic
1230 3376 1259 3425 of

204 3463 242 3510 ris
254 3465 362 3526 peritus.
404 3463 427 3511 6.
446 3462 606 3514 subinvideo
623 3462 684 3522 tibi,
702 3465 721 3511 I
744 3479 801 3521 war,
814 3479 840 3512 as
858 3464 900 3510 the
918 3469 970 3526 toga
985 3477 1036 3510 was
1053 3459 1211 3508 emblematic
1230 3459 1259 3508 of

203 3548 324 3594 amabit
334 3547 438 3594 enoious
450 3549 481 3612 of
485 3564 545 3610 you.
581 3560 602 3610 7.
621 3559 659 3604 eo,
674 3547 713 3595 i.e.
743 3562 829 3610 peace,
854 3547 904 3594 and
927 3545 1015 3592 Cicero
1038 3559 1094 3606 may
1114 3544 1146 3591 be
1166 3542 1256 3605 joking

204 3630 301 3678 Caesar.
336 3630 359 3679 8.
376 3629 525 3694 adspirare,
540 3631 567 3678 in
584 3631 627 3679 the
644 3646 716 3678 sense
742 3628 872 3678 Trebatius
887 3644 954 3691 upon
969 3628 1007 3675 his
1024 3625 1211 3676 disinclination
1228 3632 1255 3673 to

202 3712 229 3765 in
238 3713 320 3765 which
333 3713 375 3762 the
389 3714 454 3781 Eng.
468 3714 601 3766 derivative
613 3714 634 3762 is
646 3715 716 3766 used.
742 3728 799 3762 war.
836 3722 873 3780 15.
885 3711 985 3762 calere:
1004 3711 1073 3761 word
1084 3709 1136 3760 had
1147 3707 1256 3761 reached
