2988 4160
141 243 142 252 ’
236 249 280 312 60
487 259 812 310 connesponnencs
834 260 879 309 or
901 259 1036 309 cronno.

236 441 383 497 meorum
404 443 502 516 atque
526 433 559 496 in
581 443 695 515 primis
716 443 772 509 tui,
796 433 931 496 satietas
953 443 1063 496 autem
1086 434 1286 516 provinciae,

235 547 289 609 vel
315 547 392 628 quia
418 547 569 609 videmur
595 567 668 609 eam
699 547 824 608 famam
856 553 1027 609 consecuti
1054 557 1090 609 ut
1120 555 1186 609 non
1217 557 1287 610 tam

236 641 383 722 accessio
399 659 590 742 quaerenda
606 680 705 741 quarn
722 660 858 722 fortuna
874 660 1053 722 metuenda
1072 659 1123 735 sit,
1140 661 1193 722 vel
1210 661 1287 742 quia

235 779 342 834 totum
373 771 545 852 negotium
576 779 643 834 non
674 781 725 834 est
756 772 892 852 dignum
920 772 1044 834 viribus
1071 782 1201 846 nostris
1231 783 1288 854 qui

185 913 212 944 10
236 883 360 946 maiora
383 905 484 947 onera
508 885 539 946 in
565 893 600 946 re
624 884 756 966 publica
780 883 942 946 sustinere
969 873 1154 965 et'possim
1182 895 1215 948 et
1233 891 1288 948 'so-

236 995 330 1072 leam,
355 997 409 1059 vel
432 997 509 1079 quia
532 997 611 1060 belli
633 1005 745 1077 magni
767 997 866 1059 timor
889 996 1068 1078 impendet,
1093 997 1182 1078 quod
1199 997 1287 1060 vide-

236 1128 309 1170 mur
332 1109 484 1189 effugere
508 1119 536 1171 si
558 1109 600 1171 ad
624 1109 837 1172 constitutam
863 1109 950 1172 diem
978 1109 1184 1172 decedemus.
1233 1111 1287 1172 De

236 1222 417 1302 pantheris,
436 1241 496 1302 per
511 1229 568 1283 eos
585 1231 642 1303 qui
656 1229 770 1283 venari
786 1222 894 1284 solent
910 1221 1020 1302 agitur
1036 1221 1194 1284 mandatu
1212 1230 1287 1284 meo

236 1333 428 1414 diligenter3
454 1333 513 1396 sed
530 1343 612 1395 mira
629 1334 778 1415 paucitas
795 1343 853 1409 est,
873 1343 905 1396 et
921 1341 977 1396 eas
995 1353 1080 1415 quae
1096 1343 1174 1396 sunt
1189 1334 1287 1396 valde

185 1461 211 1507 15
235 1446 329 1508 aiunt
345 1455 438 1528 queri
460 1446 549 1528 quod
571 1446 652 1508 nihil
674 1447 826 1528 cuiquam
848 1446 1042 1508 insidiarum
1065 1447 1097 1508 in
1120 1454 1193 1509 mea
1215 1455 1287 1527 pro

197 1575 205 1580 ·
235 1558 344 1621 vincia
370 1558 435 1621 nisi
459 1558 521 1620 sibi
551 1559 619 1621 liat.
684 1560 801 1642 Itaque
832 1559 1043 1622 constituisse
1070 1559 1226 1622 dicuntur
1252 1560 1284 1624 in

236 1669 366 1734 Cariam
391 1691 432 1733 ex
453 1678 567 1734 nostra
593 1671 762 1752 provincia
789 1671 958 1734 decedere.
1007 1671 1074 1736 Sed
1100 1681 1212 1734 tamen
1240 1680 1287 1734 se-

235 1782 314 1845 dulo
333 1783 378 1858 fit,
396 1793 430 1846 et
450 1782 484 1845 in
505 1793 619 1864 primis
635 1791 654 1845 a
673 1785 809 1846 Patisco.
858 1783 1025 1865 Quicquid
1046 1783 1116 1858 erit,
1133 1783 1193 1846 tibi
1214 1785 1285 1859 erit,

236 1894 294 1958 sed
321 1895 401 1978 quid
431 1905 519 1958 esset
550 1897 649 1978 plane
679 1896 918 1959 nesciebamus
979 1896 1065 1958 Mihi
1095 1897 1286 1959 mehercule

184 2035 212 2066 20
235 2015 378 2089 magnae
395 2016 493 2071 curae
510 2018 561 2072 est
581 2009 731 2071 aedilitas
752 2019 818 2071 tua.
867 2010 946 2090 Ipse
968 2009 1037 2070 dies
1058 2016 1111 2070 me
1133 2009 1286 2071 admone-

235 2119 301 2196 bat,
326 2131 444 2202 scripsi
465 2120 554 2184 enim
578 2122 660 2184 haec
684 2121 765 2202 ipsis
792 2120 1051 2202 Megalensibus.
1109 2122 1162 2182 Tu
1185 2121 1285 2183 velim

235 2233 277 2294 ad
299 2241 352 2295 me
371 2233 412 2295 de
435 2243 525 2296 omni
547 2245 595 2297 rei
620 2233 772 2316 publicae
797 2241 884 2296 statu
909 2254 1009 2314 quam
1033 2233 1286 2314 diligentissime

235 2345 430 2426 perscribas,
465 2367 505 2409 ea
543 2346 631 2410 enim
669 2345 853 2409 certissima
890 2345 1014 2427 putabo
1052 2366 1138 2428 quae
1176 2365 1216 2408 ex
1252 2353 1286 2408 te

235 2465 388 2539 cognoro.

234 2637 288 2686 that
313 2637 352 2686 his
377 2653 504 2687 successor
529 2639 620 2688 should
645 2640 677 2688 be
703 2655 746 2703 ap·
774 2639 822 2702 elty
835 2639 889 2688 that
907 2637 1091 2688 characterized
1109 2638 1209 2686 Roman
1227 2653 1284 2701 pro-

234 2721 347 2784 pointed,
370 2721 425 2769 that
447 2722 480 2770 he
505 2721 585 2784 might
611 2729 694 2770 return
720 2730 745 2771 to
772 2723 1047 2785 vincialgovernment.
1087 2733 1124 2784 17.
1142 2720 1242 2778 sedulo,
1256 2740 1280 2763 =

235 2805 316 2852 Rome
334 2803 502 2867 immediately
516 2821 584 2868 upon
602 2805 644 2853 the
662 2806 745 2853 termi·
772 2807 912 2868 diligenter.
962 2817 997 2866 19.
1021 2803 1215 2861 nesciebamus,
1237 2803 1284 2852 ad-

233 2887 320 2934 nation
338 2887 367 2935 of
381 2887 420 2935 his
436 2903 495 2949 year
511 2888 540 2936 of
554 2887 624 2936 office
641 2904 674 2935 on
690 2889 746 2952 July
771 2889 905 2946 monebat,
921 2885 1025 2951 scripsi,
1040 2886 1173 2950 epistolary
1189 2892 1280 2934 tenses.

234 2969 301 3031 3oth.
336 2969 359 3018 8.
376 2967 493 3027 fortuna,
513 2971 551 3018 i.e.
570 2987 585 3018 a
605 2970 702 3032 change
720 2971 749 3018 os
772 2984 811 3020 21.
828 2969 1037 3034 Megalensibus,
1059 2969 1101 3016 the
1125 2969 1283 3033 Megalensia

233 3051 339 3100 fortune.
377 3065 413 3101 11.
430 3051 497 3102 belli
514 3052 615 3117 magni,
628 3054 686 3101 with
703 3054 744 3101 the
772 3070 820 3102 was
840 3070 854 3102 a
873 3053 971 3101 festival
990 3053 1016 3100 in
1037 3052 1117 3099 honor
1136 3051 1165 3099 ol
1183 3051 1282 3114 Cybele,

234 3135 371 3193 Parthians,
390 3135 446 3183 who
467 3136 535 3184 since
556 3137 598 3184 the
621 3137 698 3184 battle
719 3137 748 3184 of
771 3137 914 3204 celebrated
931 3136 995 3184 srom
1011 3135 1083 3198 April
1100 3134 1144 3194 4th
1162 3141 1188 3182 to
1208 3134 1278 3192 1oth;

232 3216 341 3266 Carrhae
359 3219 408 3266 had
426 3219 492 3267 been
509 3219 669 3282 threatening
684 3219 744 3266 Asia
770 3221 812 3268 the
833 3235 918 3281 games
939 3225 964 3266 at
984 3218 1033 3266 this
1053 3216 1149 3265 festival
1169 3231 1234 3264 were
1257 3216 1283 3263 in

233 3300 329 3359 Min0r3
357 3308 382 3349 at
400 3301 449 3349 this
467 3302 527 3350 time
545 3303 595 3350 and
614 3302 651 3350 for
670 3319 743 3364 many
770 3302 861 3364 charge
870 3302 899 3350 ol
905 3303 947 3350 the
958 3301 1041 3350 curule
1052 3299 1153 3348 aediles.
1176 3311 1214 3360 23.
1223 3311 1282 3362 per·

231 3399 303 3446 years
315 3384 373 3446 they
386 3399 449 3432 were
463 3385 609 3433 considered
624 3385 666 3433 the
679 3392 743 3433 most
769 3385 879 3443 scribas,
892 3386 965 3433 write
980 3385 1009 3431 in
1024 3383 1103 3430 detail
1107 3399 1118 3438 ‚·
1137 3381 1227 3443 during
1243 3381 1282 3428 his

232 3466 380 3515 formidable
404 3466 433 3514 of
456 3467 498 3515 the
522 3467 576 3516 foes
599 3467 628 3516 os
651 3469 739 3516 Rome.
769 3469 877 3516 absence
895 3469 921 3515 in
937 3467 1024 3515 Cilicia
1041 3465 1129 3513 Cicero
1147 3463 1282 3528 depended

234 3561 271 3613 15.
295 3549 366 3612 quod
389 3585 395 3598 .
420 3586 425 3598 .
450 3585 456 3598 .
478 3548 546 3599 fiat:
572 3550 680 3598 Cicero’s
700 3553 742 3598 ad·
770 3559 838 3614 upon
848 3551 946 3598 Caelius
956 3550 993 3597 for
1003 3549 1045 3596 the
1058 3547 1170 3612 political
1180 3545 1284 3594 newsof

231 3631 396 3680 ministration
420 3632 470 3680 had
495 3633 561 3680 been
586 3633 743 3696 remarkably
771 3635 859 3692 Rome,
868 3631 1096 3681 andBk.VllI.ad
1101 3629 1282 3678 Famdsmade

231 3713 283 3762 free
304 3714 367 3762 stom
387 3715 430 3762 the
453 3715 597 3787 corruption
617 3718 667 3765 and
688 3733 742 3765 cru·
770 3733 803 3780 up
816 3716 919 3778 entirely
931 3715 959 3762 of
969 3715 1011 3763 the
1023 3714 1117 3762 latter’s
1128 3713 1221 3762 letters.
