2988 4160
257 247 299 313 30
507 245 831 297 CORRESPONDENCE
853 247 898 298 OF
920 246 1055 298 CICERO.

257 419 394 494 Romae,
417 418 482 482 iam
503 427 557 482 me
580 419 720 502 adsequi
739 427 806 482 non
828 429 939 503 potes;
964 430 1015 484 sin
1038 441 1075 484 es
1095 420 1129 484 in
1150 420 1213 498 via,
1231 441 1307 485 cum

217 546 231 594 5
256 531 320 594 eris
344 539 397 594 me
420 532 607 608 adsecutus,
632 540 744 596 coram
769 539 907 613 agemus
932 553 1017 614 quae
1040 543 1137 596 erunt
1164 535 1304 616 agenda.

256 644 402 706 Tantum
427 651 460 706 te
482 652 541 707 oro
563 654 608 721 ut,
631 644 788 727 quoniam
812 645 997 727 meipsum
1021 666 1154 728 semper
1177 655 1305 724 amasti,

256 756 373 819 eodem
397 764 508 820 amore
532 767 586 820 sis.
635 757 709 838 Ego
737 757 826 820 enim
853 758 941 820 idem
968 778 1060 836 sum3
1092 759 1216 822 inimici
1242 769 1307 822 mei

257 888 331 931 mea
353 869 442 945 mihi,
465 877 532 932 non
557 869 742 951 meipsum
766 870 968 935 ademerunt.
1017 872 1105 936 Cura
1127 882 1163 935 ut
1183 873 1303 935 valeas.

258 981 348 1044 Data
362 1001 432 1044 vur.
452 967 533 1045 Idus
548 983 655 1065 April.
674 982 817 1046 Thuriis

352 1245 453 1310 XIII.
500 1247 601 1309 THE
633 1247 782 1310 EXILE
812 1246 875 1312 TO
908 1246 991 1312 HIS
1023 1245 1212 1310 FAMILY

661 1364 768 1449 (Fam.
791 1366 899 1451 144).

337 1533 453 1602 Tullius
470 1551 501 1602 S.
521 1552 556 1601 D.
577 1551 737 1603 Terentiae
754 1555 787 1602 et
803 1551 917 1602 Tulliae
935 1555 967 1602 et
983 1552 1125 1603 ciceroni
1140 1552 1220 1603 suin.

301 1723 375 1802 Ego
402 1720 511 1783 minus
538 1741 640 1803 saepe
668 1721 711 1784 do
738 1721 780 1784 ad
805 1729 864 1784 vos
889 1721 1015 1785 litteras
1042 1742 1141 1804 quam
1168 1742 1305 1803 possum

256 1841 433 1917 propterea
454 1834 542 1916 quod
563 1855 639 1897 cum
661 1834 772 1897 omnia
795 1833 876 1896 mihi
898 1843 1051 1916 tempora
1074 1844 1152 1898 sunt
1175 1834 1304 1912 misera,

256 1956 327 2010 tum
350 1954 438 2022 verri,
456 1967 532 2009 cum
554 1956 612 2010 aut
633 1946 740 2009 scribo
761 1947 803 2008 ad
824 1954 884 2008 vos
904 1955 960 2009 aut
980 1954 1109 2009 vestras
1130 1947 1214 2028 lego,
1232 1955 1306 2010 con-

256 2059 347 2122 ficior
371 2058 514 2122 lacrimis
538 2068 584 2122 sic
609 2067 645 2121 ut
668 2059 756 2122 ferre
780 2066 846 2120 non
870 2058 1003 2139 possim.
1055 2058 1155 2141 Quod
1178 2058 1304 2121 utinam

218 2189 232 2236 5
256 2171 366 2234 minus
381 2181 470 2233 vitae
486 2171 598 2252 cupidi
613 2171 810 2234 fuissemus!
858 2172 957 2236 Certe
972 2170 1054 2233 nihil
1070 2181 1127 2234 aut
1143 2179 1210 2234 nr'm
1226 2172 1306 2234 mul-

255 2293 326 2346 tum
345 2283 379 2346 in
400 2290 468 2346 vita
490 2283 569 2345 mali
588 2282 794 2346 vidissemus,
843 2283 942 2365 Quod
964 2291 1073 2346 sinos
1093 2284 1136 2346 ad
1159 2283 1304 2365 aliquam

255 2395 393 2458 alicuius
420 2396 586 2458 commodi
612 2395 791 2477 aliquando
817 2395 1025 2478 reciperandi
1049 2413 1144 2477 spem
1169 2396 1305 2458 fortuna

255 2509 445 2584 reservavit,
464 2507 573 2570 minus
589 2517 640 2570 est
656 2515 801 2571 erratum
817 2515 837 2570 a
853 2508 966 2585 nobis3
991 2517 1020 2571 si
1035 2509 1117 2571 haec
1134 2509 1222 2570 mala
1237 2509 1305 2571 fixa

256 2630 342 2696 sunt,
360 2640 423 2702 ego
440 2628 520 2682 vero
540 2627 692 2702 tequam
714 2630 866 2702 primum,
887 2639 962 2682 mea
983 2629 1058 2696 vita,
1079 2621 1177 2701 cupio
1192 2620 1304 2683 videre

203 2749 232 2782 10
256 2741 289 2794 et
312 2732 346 2794 in
367 2740 425 2795 tuo
445 2732 619 2814 complexu
644 2739 755 2808 emori,
778 2725 934 2814 quohiam
957 2752 1066 2814 neque
1087 2732 1140 2808 dir,
1164 2740 1247 2815 quos
1267 2739 1302 2794 tu

254 2844 438 2909 castissime
461 2845 599 2920 coluisti,
624 2864 734 2927 neque
757 2844 917 2920 homines,
942 2844 1062 2928 quibus
1085 2864 1149 2926 ego
1172 2865 1305 2928 semper

297 3032 375 3081 XIII.
400 3032 486 3080 CIcero
498 3038 574 3079 wrote
589 3031 639 3079 this
652 3030 725 3080 letter
740 3036 766 3079 to
793 3032 863 3090 exile,
881 3032 935 3080 that
952 3032 985 3080 he
1003 3031 1053 3080 had
1074 3032 1244 3096 relinquished
1262 3039 1306 3080 out

253 3115 292 3163 his
300 3115 366 3173 wife,
375 3130 429 3172 son,
439 3115 487 3162 and
501 3114 624 3176 daughter
635 3129 662 3161 as
674 3114 705 3161 he
716 3129 766 3162 was
793 3115 822 3164 os
839 3115 1023 3164 consideration
1042 3114 1080 3162 sor
1097 3115 1136 3163 his
1154 3114 1238 3176 family
1256 3116 1305 3163 and

253 3198 329 3246 about
349 3204 375 3251 ro
396 3197 455 3245 take
478 3195 534 3260 ship
558 3204 583 3244 at
606 3197 765 3245 Brundisium
793 3199 886 3248 friends
916 3199 955 3247 his
990 3198 1114 3246 intention
1148 3205 1174 3246 to
1203 3198 1305 3245 commit

253 3281 291 3329 ior
306 3280 497 3342 Dyrrhachium.
532 3278 598 3330 SuIs
613 3279 765 3342 (greedng),
792 3282 894 3330 suicide.
935 3281 959 3330 It
985 3288 1050 3328 must
1076 3280 1108 3328 be
1134 3280 1305 3328 remembered

251 3364 291 3411 Iris
310 3363 379 3412 deor.
424 3375 446 3424 3.
465 3362 581 3420 vestras,
602 3377 636 3410 sc.
657 3363 761 3410 litteras.
790 3363 845 3411 that
862 3362 957 3410 suicide
971 3377 1021 3409 was
1038 3360 1186 3410 sanctioned
1203 3359 1236 3422 by
1250 3358 1303 3408 Cic-

251 3460 275 3507 4.
293 3445 367 3511 Quod
387 3443 509 3495 utinam:
534 3444 564 3493 cI.
586 3445 629 3493 the
650 3445 765 3509 frequent
792 3446 856 3492 ero's
871 3444 1029 3508 philosophie
1047 3443 1129 3492 belief.
1163 3456 1187 3504 9.
1204 3440 1305 3499 viteus

252 3529 320 3593 quod
326 3529 365 3584 si,·
384 3528 471 3577 CIcero
483 3527 590 3576 laments
602 3527 656 3576 that
668 3528 700 3576 he
715 3528 764 3575 had
792 3534 855 3576 term
871 3527 899 3574 of
914 3528 1077 3575 endearment
1094 3541 1210 3574 common
1228 3524 1254 3572 in
1269 3524 1304 3573 Ia·

251 3619 297 3660 not
313 3618 363 3660 met
379 3611 454 3660 death
472 3611 499 3658 in
516 3611 650 3659 resistance
666 3617 692 3658 to
709 3609 764 3658 Clo·
792 3609 871 3658 miliar
886 3610 968 3658 Latin.
1008 3622 1045 3658 11.
1062 3607 1218 3659 castissime
1235 3607 1305 3658 colu·

252 3695 314 3752 dius,
338 3709 366 3742 or
390 3708 418 3742 as
444 3693 470 3740 in
495 3693 567 3742 other
591 3692 676 3742 letters
701 3691 766 3745 from
792 3691 849 3756 isti,
869 3692 933 3749 leave
955 3692 1097 3763 worrkr'ped
1115 3698 1177 3740 most
1192 3690 1301 3756 prously.
