2988 4160
262 286 304 351 70
511 281 835 332 CORRESPONDENCE
856 283 902 333 OF
924 281 1059 333 ClCERO.

260 465 331 519 tum
347 463 401 518 me
416 463 508 519 amas
524 455 623 518 velim
639 456 773 538 cogites.
823 457 987 540 Equidem
1004 477 1113 540 neque
1130 457 1171 518 de
1187 475 1312 537 genere

260 569 547 651 dubito—placet
564 569 653 632 enim
673 569 754 631 mihi
770 569 880 634 Cluati
893 607 945 646 —,
963 590 1072 652 neque
1089 570 1130 631 de
1151 577 1312 632 re—sta-

259 689 368 744 tutum
385 691 436 746 est
451 681 540 744 enim
552 719 604 758 —,
618 681 661 744 de
676 681 749 744 loco
764 690 831 744 non
847 703 1039 764 numquam.
1085 681 1196 746 Velim
1212 681 1313 762 igitur

210 819 237 851 ιο
261 793 394 876 cogites
443 795 525 875 Ego,
540 803 701 876 quantum
719 795 770 856 his
786 794 991 876 temporibus
1007 804 1075 857 tam
1093 795 1228 856 eruditis
1241 795 1313 856 fieri

261 906 390 988 poterit,
417 907 568 988 profecto
593 905 681 968 illam
708 907 911 969 consecrabo
936 917 1027 969 omni
1051 927 1176 987 genere
1198 927 1312 970 monu-

260 1027 446 1081 mentorum
462 1018 504 1080 ab
522 1018 670 1081 omnium
686 1018 828 1099 ingeniis
845 1027 1041 1100 scriptorum
1058 1029 1091 1081 et
1109 1020 1312 1082 Graecorum

260 1140 294 1193 et
319 1131 522 1206 Latinorum,
548 1151 633 1212 quae
657 1139 710 1193 res
734 1113 873 1194 forsitan
902 1133 944 1194 sit
970 1131 1166 1194 refricatura
1190 1130 1312 1193 vulnus

260 1263 381 1306 meum.
444 1243 511 1308 Sed
534 1243 599 1305 iam
624 1243 719 1326 quasi
741 1251 819 1306 νὸῐό
842 1245 986 1326 quodam
1010 1253 1043 1306 et
1071 1243 1235 1324 promisso
1258 1251 1312 1305 me

209 1372 236 1418 15
260 1363 367 1419 teneri
398 1363 487 1438 puto,
520 1357 724 1438 longumque
759 1356 839 1418 illud
873 1366 1007 1438 tempus
1042 1359 1118 1419 cum
1153 1364 1220 1418 non
1255 1364 1312 1418 ero

261 1468 368 1549 magis
385 1476 436 1530 me
458 1478 569 1531 movet
590 1489 691 1551 quam
713 1469 775 1531 hoc
798 1468 963 1550 exiguum,
984 1469 1073 1550 quod
1096 1468 1178 1530 mihi
1198 1478 1311 1530 tamen

261 1580 398 1643 nimium
422 1581 559 1662 longum
582 1581 721 1643 videtur.
779 1581 900 1654 Habeo
923 1581 1011 1644 enim
1035 1581 1117 1642 nihil
1141 1588 1312 1662 temptatis

261 1692 359 1754 rebus
387 1692 540 1755 omnibus
568 1692 601 1754 in
629 1701 695 1775 quo
722 1693 941 1775 adquiescam.
1001 1693 1089 1755 Nam
1121 1693 1199 1754 dum
1231 1693 1312 1754 illud

260 1805 443 1867 tractabam
475 1805 516 1867 de
547 1813 612 1887 quo
643 1806 685 1867 ad
713 1813 746 1867 te
773 1815 850 1867 ante
879 1815 1004 1886 scripsi,
1034 1805 1129 1887 quasi
1155 1805 1311 1868 fovebam

209 1935 238 1968 20
261 1917 392 1979 dolores
409 1925 518 1993 me6s;
543 1937 632 1979 nunc
649 1917 761 1980 omnia
776 1925 906 1998 respuo,
924 1937 985 1980 nec
1008 1916 1185 1999 quicquam
1205 1917 1313 1979 habeo

261 2028 464 2092 tolerabilius
488 2050 587 2111 quam
616 2029 838 2104 solitudinem,
863 2049 972 2110 quam,
999 2029 1087 2111 quod
1115 2049 1205 2091 eram
1232 2029 1313 2090 veri-

260 2151 324 2218 tus,
349 2149 415 2204 non
439 2141 628 2204 obturbavit
655 2141 836 2223 Philippus.
886 2142 974 2203 Nam
998 2151 1034 2204 ut
1058 2142 1129 2204 heri
1153 2148 1205 2203 me
1228 2141 1313 2204 salu-

260 2253 351 2329 tavit,
369 2253 480 2316 statim
499 2255 640 2316 Romam
657 2255 828 2336 profectus
844 2263 903 2316 est.

333 2505 476 2569 xxxv.
524 2505 558 2568 A
590 2505 780 2568 curren
812 2504 875 2569 or
907 2504 1240 2569 couoouuucu

675 2615 783 2699 (Fam.
801 2634 830 2694 4·
851 2615 891 2700 5)·

618 2781 744 2832 Servius
761 2781 902 2832 ciceroni
919 2780 949 2830 S.

305 2930 422 2993 Postea
444 2949 544 3012 quam
565 2929 647 2992 mihi
670 2929 895 2992 renuntiatum
919 2938 970 2990 est
992 2928 1033 2990 de
1055 2928 1144 2990 obitu
1169 2927 1310 3003 Tulliae,

260 3043 349 3105 filiae
365 3053 451 3118 tuae,
470 3049 551 3105 sane
567 3063 665 3125 quam
684 3050 744 3124 pro
759 3050 799 3106 eo
818 3062 856 3104 ac
875 3041 975 3103 debui
995 3040 1140 3121 graviter
1162 3041 1312 3103 moleste-

261 3175 324 3237 que
355 3155 424 3230 tuli,
453 3162 730 3236 communemque
762 3173 835 3216 eam
867 3151 1088 3215 calamitatem
1116 3151 1311 3226 existimavi,

262 3333 283 3384 7.
302 3332 406 3384 genere,
418 3319 510 3384 desigra
523 3320 598 3382 plan.
633 3319 655 3368 8.
674 3317 773 3377 Cluati,
802 3317 986 3382 (Consolatio);
1020 3317 1038 3366 it
1066 3332 1117 3365 was
1145 3332 1221 3364 never
1249 3316 1313 3379 pub-

260 3419 293 3450 an
321 3402 449 3451 architect.
502 3415 539 3451 11.
568 3401 653 3459 illam,
681 3401 771 3449 Tullia.
799 3401 887 3449 lished.
926 3413 964 3447 20.
982 3411 1085 3463 respuo,
1104 3399 1254 3462 relinquisle.

263 3497 299 3547 13.
321 3483 399 3534 sit..
415 3521 421 3533 .
436 3498 533 3542 meum,
555 3485 577 3532 is
596 3485 673 3547 likely
692 3491 715 3532 to
735 3501 773 3532 re·
843 3483 950 3531 XXXV.
981 3483 1087 3530 Written
1110 3482 1135 3529 in
1160 3482 1257 3540 March,
1280 3493 1313 3546 45

261 3574 322 3632 open
336 3583 378 3630 my
390 3568 489 3616 wound.
529 3567 564 3616 18.
583 3567 665 3616 illud:
686 3566 773 3614 Cicero
800 3578 856 3624 uc„
873 3565 906 3627 by
924 3565 1023 3614 Servius
1041 3564 1171 3628 Sulpicius,
1190 3565 1233 3612 the
1252 3580 1314 3628 gov-

260 3649 312 3699 had
337 3649 421 3712 begun
447 3656 473 3698 to
496 3650 564 3698 write
590 3650 628 3698 sor
653 3649 692 3697 his
717 3665 773 3697 own
800 3664 873 3697 ernor
893 3647 922 3695 of
939 3647 1043 3696 Achaia.
1090 3661 1112 3697 2.
1133 3659 1199 3697 sane
1223 3660 1314 3712 quam,

260 3733 343 3782 solace
359 3748 374 3781 a
389 3732 488 3781 treatise
504 3732 534 3779 de
550 3733 620 3781 luctu
634 3732 774 3780 minuendo
800 3731 963 3795 exceedingly.
981 3742 1078 3794 -pro
1104 3742 1134 3780 eo
1160 3743 1200 3792 ac,
1227 3750 1251 3774 =
1276 3737 1311 3779 ut.
